2894 4896
633 404 697 485 103'

202 617 334 696 qua'to
355 609 421 672 'est'
449 598 595 685 babitus,
629 627 694 670 non
721 602 839 669 remissi
863 602 1001 667 suimus:
1038 585 1146 667 tamen

200 717 276 785 haee
293 756 297 765 ·
316 719 417 787 uerior
447 733 493 784 est
558 742 632 786 eum
664 717 775 787 Stoicis
810 732 917 805 parete
962 700 1133 783 eontentio.

18 855 28 867 ·
109 906 112 911 ⁴
198 834 291 922 Quue
321 837 408 901 enim
430 832 470 899 de
493 835 651 926 uoluptate
673 833 848 916 dicuntur,
878 855 912 897 eu
936 817 994 898 nec
1017 833 1137 898 acutis-

199 950 295 1032 sime,
332 973 393 1016 neu
425 949 608 1017 abscondite
643 949 849 1017 disseruntur.
906 950 1019 1036 Neque
1053 949 1140 1012 eninr

199 1064 259 1169 qui
292 1062 471 1131 defendunt
494 1090 586 1151 earn,
630 1068 744 1133 versuti
775 1068 809 1131 in
843 1061 1025 1130 disserendo
1043 1072 1150 1143 sunt‚'

199 1201 259 1245 nee
293 1184 350 1268 qui
382 1197 492 1249 contra
528 1180 656 1265 dieunt,
690 1205 813 1249 eausam
836 1179 1002 1246 difficilem
1025 1177 1136 1265 repel<

196 1293 336 1361 lunt.--
356 1297 464 1387 Quare
486 1297 537 1364 illa
558 1300 648 1366 nobis
670 1298 803 1389 simplex
825 1298 887 1364 tuit
909 1299 944 1361 in
967 1311 1135 1393 utramque

196 1426 320 1499 purtem
342 1408 523 1501 disputatioss
557 1416 625 1482 Nec
646 1396 731 1480 enim
752 1417 786 1481 in
820 1413 1040 1502 Torquati
1063 1434 1133 1474 ser·

195 1547 289 1591 mone
312 1526 492 1619 quidquam
514 1529 734 1619 implicatum,
770 1546 825 1595 aut
854 1544 1029 1596 tortuosum
1052 1525 1129 1609 luit3

194 1650 386 1731 nostreque,
408 1660 445 1708 ut
468 1644 547 1711 mibi
569 1644 718 1729 videtur,
741 1643 879 1711 dilucide
901 1643 1008 1710 oratio.
1044 1641 1131 1708 Stoi-

196 1778 307 1822 corum
340 1770 444 1823 'autem
478 1782 544 1825 nou
575 1760 696 1846 ignoras
732 1785 829 1853 quum
865 1761 906 1825 sit
927 1755 1059 1838 subtile,
1084 1753 1132 1821 vel

193 1872 359 1959 spinosum
390 1875 518 1965 potius,
553 1871 725 1943 disserendi
758 1899 875 1963 genus:
917 1873 1017 1963 idque
1059 1852 1143 1939 euni

194 1988 341 2072 Graecis,
365 2002 433 2055 tum
456 1992 551 2077 magis
572 1993 684 2074 nobis,
707 1991 825 2080 quibus
846 1990 939 2055 etiam
960 1989 1055 2055 verba
1067 2010 1121 2076 pa·

193 2101 304 2167 rienda
323 2094 417 2189 sunt,
450 2105 708 2197 imponendaque
731 2129 811 2173 nora
833 2106 920 2171 novis
943 2104 1038 2168 rebus
1068 2125 1130 2165 no-

194 2218 340 2282 mina.''-

158 2396 160 2399 ,
237 2333 330 2423 Quae
357 2340 471 2403 'nutem
501 2353 660 2424 postremo
690 2336 731 2403 de
763 2336 841 2403 varia
864 2334 1054 2421 singularum
1077 2329 1129 2395 s'e-

195 2466 316 2516 ctarum
340 2448 523 2541 disputandi
545 2454 684 2538 ratione,
708 2479 725 2518 a
748 2454 966 2519 Cicerone
989 2467 1129 2513 nonne-

194 2563 310 2650 gleota,
333 2567 585 2652 observavimus,
607 2592 642 2635 eu
667 2591 797 2659 quoque
820 2569 853 2632 in
875 2566 972 2632 libros
995 2561 1035 2628 de
1058 2564 1127 2627 Na-

194 2704 264 2755 tura
296 2693 457 2777 Deorum,
502 2696 537 2758 iu
569 2697 705 2783 quibus,
739 2720 814 2762 oum
844 2696 941 2785 ipsius
977 2691 1129 2780 πρόσωπον

195 2809 297 2900 κωφὸν
319 2831 397 2878 esset
420 2816 490 2901 (l),
513 2821 551 2883 C.
587 2820 755 2908 Vellejo
776 2822 951 2910 Epicurea,
975 2819 1021 2906 Q.
1045 2820 1125 2883 Lu·

195 2924 289 2992 oilio
310 2920 436 2994 Bulbo
458 2930 582 3012 Stoica,
606 2934 644 2999 G.
669 2935 812 2999 Cottae
847 2932 1035 3001 Academica
1057 2949 1125 2997 tra-

191 3039 334 3127 diderat,
370 3047 504 3112 maxime
539 3044 707 3137 quadrant.
753 3047 852 3137 Quod
881 3065 917 3113 ut
938 3046 1126 3129 ostendam,

189 3158 371 3244 Balbum,
392 3164 426 3231 iu
448 3160 515 3227 fine
538 3161 757 3257 disputationis
778 3187 849 3230 suae
871 3161 919 3251 (2)
945 3163 1022 3230 haee
1051 3186 1124 3229 mo-

189 3292 339 3361 nentem,
363 3275 514 3345 inducere
537 3279 615 3346 mihi
634 3279 735 3347 liceat.
789 3278 879 3364 „Tu
900 3296 1005 3348 autem
1026 3280 1119 3346 Cot-

230 3503 270 3578 (l)
292 3501 409 3581 Egregie
430 3504 513 3583 igitur
532 3505 635 3567 fallitur
659 3508 862 3588 Kriscbius,
896 3532 979 3581 oum,
1020 3514 1057 3575 0.
1097 3518 1118 3575 l.

187 3629 270 3688 pugg.
295 3612 343 3678 ll,
375 3614 413 3671 ld
441 3626 470 3673 et
501 3614 550 3694 18,
579 3617 670 3678 looum
684 3639 719 3679 ex
732 3621 753 3680 l.
771 3620 844 3698 Xlll,
862 3622 916 3701 Ep.
936 3624 973 3682 19
988 3624 1118 3698 adure,

187 3742 268 3801 quem
289 3726 373 3786 modo
397 3728 492 3804 attuli,
516 3732 626 3793 mutatis
646 3735 791 3811 personis,
815 3737 850 3796 ad
865 3736 951 3798 libros
966 3739 1001 3799 de
1016 3738 1119 3798 Natura

185 3830 306 3893 Deorum
328 3836 470 3898 transferri
499 3858 581 3918 posse
608 3856 740 3927 oeuseut3
770 3846 889 3923 neglexit
917 3848 989 3906 onim
1009 3867 1123 3926 prorsus

184 3939 373 4004 Ciceronis
400 3966 546 4023 personum
573 3951 640 4012 libb.
672 3952 696 4010 ll
716 3966 744 4013 et
772 3955 808 4013 lV
837 3957 872 4016 de
897 3956 1019 4018 Finibus.
1080 3962 1119 4038 (i)

184 4051 219 4112 de
244 4051 280 4112 N.
311 4052 347 4112 D.
370 4054 403 4124 lt,
430 4056 480 4119 67.
