2894 4896
632 388 694 456 109

184 579 217 645 di
249 581 407 671 acciperet
439 587 605 663 praecepta
638 589 670 638 et
700 566 895 661 eloquendi·’'
917 571 986 659 (l),
1009 575 1121 641 etalio

183 692 253 760 loco
274 692 343 779 (2)=
369 686 669 774 ‚,Aristoteles,
697 710 800 776 quum
819 703 921 753 motus
938 704 1016 753 esset
1036 690 1121 755 [so-

186 809 323 875 cratis
353 805 487 872 rhetoris
524 802 641 889 gloria,
674 801 782 869 dicere
800 803 893 868 etiam
916 804 1019 895 coepit
1041 801 1122 870 udo·

185 926 337 992 lescentes
373 920 510 1001 docere,
552 935 585 982 et
616 916 820 1006 prudentiam
855 941 929 984 cum
949 917 1129 1010 eloquentia

183 1043 353 1130 jungere.'’
396 1038 495 1128 Quod
518 1039 699 1104 etiamnunc
723 1052 877 1103 testantur
900 1036 973 1103 libri
988 1039 1055 1124 ejus
1066 1053 1127 1103 tres

189 1159 231 1225 de
253 1158 420 1224 Rhetorica
443 1171 493 1236 et,
518 1154 542 1218 si
564 1152 717 1239 modoex
740 1152 1007 1221 Aristotelis
1031 1178 1128 1223 manu

191 1271 334 1366 prodiit,
357 1270 521 1337 Rhetorica
539 1252 589 1334 ⁸ed
614 1267 904 1335 Alexandrum
928 1265 940 1356 (
963 1271 988 1356 ).
1049 1304 1052 1310 ,
1124 1250 1128 1255 ¹

235 1389 396 1477 Quoniam
418 1387 476 1451 tria
498 1381 635 1452 videnda
656 1399 731 1449 runt
751 1387 883 1467 oratori,
905 1385 991 1472 quid
1021 1385 1131 1468 dicat,

193 1529 257 1595 quo
269 1503 413 1595 quidque
426 1503 494 1567 loeo
516 1516 549 1565 ct
558 1499 716 1588 quomodo
730 1499 780 1586 (4)
794 1548 804 1580 ‚
826 1501 889 1566 sive
900 1547 911 1579 ,
922 1497 1011 1588 qnod
1022 1499 1133 1566 eodem
1197 1532 1200 1545 ·

195 1632 300 1716 redit,
335 1635 504 1710 iuvenire,
540 1630 669 1715 eloqui,
705 1629 868 1692 collocare
898 1623 972 1711 (ὃ),
1022 1621 1134 1712 ἓνμὲν,

118 1773 120 1777 ’
197 1777 234 1826 ut
257 1761 300 1824 ait
324 1755 582 1825 Aristoteles
601 1753 673 1843 (6),
696 1749 727 1815 ἐκ
762 1751 846 1816 τίνων
870 1751 901 1813 αἱ
929 1750 1024 1826 πίςεις
1048 1755 1135 1816 ἔσον-

198 1910 273 1969 ται,
299 1880 430 1972 δεύτερον
456 1877 491 1945 δὲ
516 1878 581 1971 περὶ
607 1880 658 1949 τὴν
684 1872 779 1960 λέξιν,
807 1874 900 1964 τρίτον
925 1871 960 1939 δὲ
986 1880 1047 1948 πῶς
1076 1878 1137 1965 χρὴ

199 2006 285 2086 τάξαι
313 2009 351 2073 τὰ
377 2008 449 2097 μέρη
476 2004 660 2094 τοῦλόγου,
688 2003 728 2070 de
764 2005 871 2091 prima
898 2020 989 2096 parte
1007 2004 1077 2072 loco
1097 2003 1139 2070 de

199 2123 375 2189 dialectice
383 2125 450 2208 jum
469 2122 598 2207 egimuS.

245 2240 348 2321 „Jam
366 2235 491 2319 illius,''
511 2236 619 2323 inquit
641 2235 798 2301 Cicero
823 2232 883 2320 (7),
897 2234 1140 2327 „perfectiora-

205 2354 278 2421 toris
296 2369 328 2418 ct
351 2374 490 2418 summae
511 2349 706 2438 eloquentiae
724 2351 842 2441 specics
850 2349 1057 2442 exprimenda
1070 2367 1139 2418 cst:

206 2493 300 2561 quem
319 2467 381 2535 hoc
403 2491 469 2534 uno
487 2466 658 2549 excellere,
681 2465 716 2532 id
735 2483 787 2551 est
805 2469 967 2550 oratione,
991 2484 1092 2536 cetera
1108 2470 1144 2533 in

206 2583 382 2667 colmere,
405 2582 526 2650 indicat
550 2606 667 2650 nomen
688 2584 805 2672 ipsum.
827 2585 900 2651 Non
921 2585 1008 2650 enim
1027 2586 1144 2653 inven-

209 2718 281 2784 tor,
316 2717 374 2796 eut
407 2701 618 2790 compositor,
651 2716 705 2766 aut
726 2717 835 2784 actor,
866 2700 944 2769 haec
967 2701 1148 2796 complexus¹

210 2840 256 2889 est
289 2825 415 2906 omnia,
449 2823 505 2888 sed
542 2842 574 2889 et
601 2829 723 2893 Graece
754 2831 795 2894 ub
817 2827 996 2920 eloquendo
1023 2827 1147 2922 ῥήτωρ,

211 2955 244 3005 et
275 2938 388 3006 Latine
420 2940 576 3028 eloquens
606 2937 711 3005 dictus
736 2957 792 3007 est.
847 2944 1031 3012 Ceterarum
1065 2948 1153 3015 enim

214 3079 346 3136 rerum,
371 3078 452 3144 quae
475 3056 604 3120 suntin
628 3071 770 3138 oratore,
793 3071 918 3147 partem
937 3057 1073 3148 aliquam
1092 3063 1152 3129 siti

215 3173 353 3261 quisquc
383 3168 542 3239 vindicate
579 3169 708 3239 dicendi
731 3187 856 3254 autem,
878 3172 978 3241 idest
999 3173 1153 3267 eloquen-

214 3284 270 3370 di,
293 3285 427 3351 maxima
447 3287 491 3357 vis
509 3285 567 3352 soli
585 3287 661 3353 huic
678 3285 897 3379 conceditur.’'

258 3491 298 3566 (l)
321 3489 357 3548 dc
380 3486 461 3547 Orat.
490 3487 537 3553 ΙΙΙ,
563 3487 613 3545 55.
641 3486 686 3546 Cl.
712 3487 835 3556 Stuhr‚
858 3507 888 3567 p.
916 3489 986 3567 ΙΙὸ,
1014 3491 1154 3573 285sqq.

217 3612 247 3659 et
272 3600 308 3661 A.
338 3598 369 3656 b.
398 3598 429 3656 (Ι.
458 3596 496 3655 R.
521 3615 551 3673 p.
578 3595 630 3655 to.
673 3596 713 3674 (Ι)
736 3596 818 3656 Tusc.
843 3598 866 3674 l,
893 3597 924 3656 Ι.
944 3596 999 3659 (ΙΙΙ.
1021 3602 1056 3662 de
1077 3601 1156 3663 Orat

219 3710 242 3784 Ι,
271 3710 319 3785 to,
350 3707 398 3782 ΙΙ,
427 3707 476 3783 ΙΙ,
500 3703 579 3765 orn.
609 3724 636 3766 e.
669 3706 718 3781 ΙΙ,
747 3707 782 3767 to
801 3718 830 3767 et
859 3708 897 3765 nt
920 3721 948 3767 u
979 3708 1015 3768 te
1045 3708 1101 3768 oo.
1132 3712 1156 3785 Ι,

225 3818 254 3873 Ι.
298 3816 338 3892 (5)
358 3815 419 3875 Hoc
440 3833 511 3893 opus
530 3814 630 3874 merito
654 3813 849 3873 Aristoteli
872 3816 1029 3893 abjudicare
1053 3817 1161 3878 videtur

223 3922 347 3989 stobe,
376 3925 413 4000 ll,
437 3944 467 4003 p.
497 3924 569 3983 tet.
616 3925 655 4001 (Ι)
683 3922 763 3983 Oret.
791 3941 818 3983 c.
839 3924 888 3983 ΙΙ.
932 3925 972 4002 (5)
988 3924 1066 3987 Orat.
1084 3928 1160 3987 Part.

225 4053 253 4094 c.
279 4033 309 4100 Ι,
339 4033 369 4092 5.
413 4032 453 4110 (6)
475 4032 558 4094 Rhet.
580 4033 629 4110 ΙΙΙ,
662 4034 677 4094 Ι
707 4032 767 4094 init.
812 4034 851 4110 (Ι)
876 4031 953 4093 Orat.
975 4053 1003 4093 c.
1035 4036 1085 4096 ΙΙ).
