2894 4896
643 404 705 470 105

207 608 253 653 oe
285 583 466 654 Stoicorum
498 582 902 659 nnuntiaurdelendiatissl
915 622 960 638 -
983 635 1010 672 „
1024 590 1148 658 Dicen-

206 697 286 766 dum
320 716 366 767 eat
388 699 467 768 mihi
489 702 585 789 igitur
605 698 648 767 ud
670 724 728 786 ea,
749 725 834 792 quae
853 718 928 768 aunt
949 727 966 768 a
988 719 1020 770 tc
1041 702 1127 772 dicta

206 810 261 879 aed
284 814 350 898 ita,
386 813 471 881 nihil
491 831 528 881 ut
553 815 728 897 affirmem,
762 839 911 904 quaeram
932 819 1061 901 omnia,
1083 781 1151 884 du³

206 928 310 993 bitena
333 927 549 1020 plerumque,
571 945 604 995 et
625 928 705 996 mihi
724 929 791 1021 ipae
813 927 997 998 diffideua.”

252 1044 292 1109 lu
321 1036 507 1112 Tusculanis
534 1044 780 1135 Quaeatiouibua
806 1068 873 1112 uon
897 1046 933 1111 iu
953 1044 1082 1132 cingulis
1106 1046 1150 1114 li·

208 1158 294 1242 bris,
316 1174 353 1225 ut
371 1159 406 1224 in
432 1159 541 1235 ceteris,
559 1156 709 1247 dialogis,
733 1183 815 1228 nora
830 1157 996 1228 inducitur
1008 1184 1153 1251 peraoua,

208 1297 289 1365 qma
312 1297 402 1344 suam
425 1291 542 1344 rectam
560 1278 650 1367 quasi
667 1276 903 1366 pauocinetar3
927 1274 1152 1366 deargumeu·

207 1404 241 1457 to
282 1405 387 1458 temen
419 1392 584 1484 proposito
618 1391 702 1459 varia
733 1390 998 1484 philosophorum
1038 1391 1154 1484 placita

207 1505 406 1591 afferuntur,
435 1523 468 1574 et
498 1530 580 1598 quae
604 1531 676 1596 pro,
701 1523 734 1573 et
758 1530 839 1597 quae
860 1522 970 1574 contro
992 1531 1154 1597 quumque

206 1624 396 1691 renuntiem
427 1624 491 1690 sint
514 1620 673 1705 dicenda,
693 1638 784 1691 acute
808 1620 1038 1711 dijudicantur.
1083 1626 1153 1693 De-.

209 1739 421 1834 prehenditur
455 1744 551 1830 igitur
587 1744 622 1808 in
651 1743 687 1809 iia
718 1766 815 1833 quam
842 1744 977 1810 maxime
993 1744 1151 1812 Aristo·

210 1857 303 1926 telia
334 1854 494 1948 probandi
525 1854 725 1943 methodus,
767 1857 802 1924 in
833 1875 1001 1950 utramque
1028 1875 1152 1952 partem

210 1971 399 2067 disputandi
428 1975 529 2042 ratior
576 2023 600 2058 ,‚
614 1974 727 2065 ltaque
744 1972 832 2041 mihi
853 1996 978 2065 semper
988 1975 1023 2057 ,’'
1049 1990 1087 2041 ut
1109 1977 1152 2041 ait

210 2091 355 2157 Cicero
380 2086 448 2178 (l),
476 2089 784 2180 „Peripateticorum
806 2086 1057 2179 Academiaeque
1068 2114 1150 2157 con-

209 2206 368 2288 suetudo,
400 2207 441 2273 de
474 2206 622 2275 omuibus
651 2207 746 2271 rebus
778 2206 813 2271 in
848 2206 1017 2272 contrarias
1049 2222 1152 2295 parter

157 2300 168 2314 ⁸
209 2323 404 2409 discerendi,
439 2349 505 2392 nou
536 2325 578 2391 ob
610 2347 679 2390 eam
714 2345 838 2389 causam
871 2320 971 2389 aolum
1013 2320 1150 2412 placuit,

169 2438 171 2443 ’
210 2436 299 2534 quod
321 2442 410 2510 aliter
433 2466 500 2509 uon
519 2455 643 2530 posset,
669 2435 750 2529 qttitl
772 2440 807 2504 in
831 2461 959 2531 quaque
977 2439 1089 2507 reveri
1100 2440 1148 2505 ai-

210 2560 283 2628 mile
303 2576 402 2643 creet,
423 2557 583 2642 inveniri3
609 2555 663 2624 aed
688 2557 782 2623 etiam
803 2552 892 2647 quod
907 2569 985 2621 esset
1003 2556 1151 2622 eamaxi·

210 2702 264 2744 ma
308 2674 436 2743 diceudi
466 2675 668 2759 exercitatio3
716 2698 780 2764 qua
815 2674 965 2766 princeps
998 2694 1071 2738 usus
1104 2686 1152 2738 eat

213 2792 476 2875 Ariatotelea,
518 2791 636 2859 deinde
677 2817 751 2858 eum
787 2795 846 2882 qui
895 2793 996 2861 secuti
1039 2794 1151 2861 aunt.”

215 2910 363 2977 Cicero
399 2907 466 2998 ipee
498 2907 533 2971 in
566 2905 616 2971 his
646 2904 734 2971 lihria
770 2908 951 2997 primariam
984 2931 1151 3000 perronam

213 3041 347 3109 tuctur3
373 3044 547 3113 quaerero
566 3018 661 3086 altera
682 3042 835 3108 persona,
856 3022 920 3087 aive
932 3023 1062 3090 Attici
1083 3021 1148 3115 (2),

212 3143 276 3219 aive
299 3139 485 3222 Audacia,
506 3136 822 3221 siaeAdolecoentci,
844 3137 908 3205 aire
918 3136 995 3204 aliua
1006 3141 1151 3225 nominc,

213 3258 377 3350 disputat,
410 3254 506 3341 magis
530 3268 567 3319 ut
594 3250 708 3339 dialogi
729 3251 846 3319 formae
871 3252 1030 3338 consulat,
1056 3279 1157 3344 quam

213 3393 250 3443 ut
279 3397 367 3440 suam
389 3369 577 3437 sententiam
597 3383 779 3460 proponat,
798 3365 975 3453 inducitur.
997 3369 1151 3439 Difficul-

214 3511 259 3562 ιιι
282 3506 389 3556 autem
407 3488 441 3552 in
462 3509 500 3552 eo
521 3485 653 3550 maxime
673 3481 767 3549 latere
790 3483 871 3550 mihi
891 3481 1037 3568 ridetur,
1061 3482 1151 3575 quod

213 3612 248 3674 in
282 3605 331 3671 his
363 3599 596 3693 quaestiouibus
627 3599 727 3667 mixto
747 3597 886 3689 quodam
914 3601 1059 3668 Cicero
1081 3624 1153 3667 uaua

213 3724 253 3789 sit
271 3719 464 3806 dialogorum
494 3738 630 3803 genere3
669 3712 778 3802 quod,
799 3729 837 3783 ut
858 3713 940 3782 infru
963 3711 1150 3796 ostendam,

210 3897 448 3916 Μ

229 3920 296 4047 Χ(Ι)
319 3973 353 4048 ll,
383 3974 415 4038 9.,
463 3972 502 4048 (2)
525 3971 570 4032 Cf.
594 3971 770 4045 Moserus,
794 3969 864 4029 adl.
897 3969 919 4044 l,
944 3987 970 4028 c.
1000 3968 1030 4027 5.
