2930 4812
661 391 705 468 π’

210 583 464 663 Aristotelis
502 587 665 650 seutentiam
706 583 741 643 de
777 594 923 645 numerosa
952 581 1077 643 aratbue
1102 601 1152 643 ex·

211 683 304 762 posuit
338 677 495 738 Cicero.
539 668 682 731 Ciceronis
712 663 865 727 Orationes
882 674 911 725 et
930 661 1093 746 Epistulae.
1109 696 1151 710 --

212 769 248 824 rh
277 763 366 827 ἠθικὸν
399 767 428 815 et
461 755 678 817 vinolentiis.
713 746 896 825 Eloquentiae
929 745 1095 886 priuoqqium
1117 763 1153 804 ex

214 836 469 902 Aristotelis
516 851 549 893 ae
577 829 796 891 Ciceronis
825 829 972 889 sementia.
1050 843 1153 887 erne-

215 923 287 982 trii
315 917 530 991 Phalerei,
558 912 587 974 ul
611 911 692 988 vulgo
713 908 854 986 creditur,
877 906 1156 988 judiciumdellri-

218 994 534 1077 stotelislipistoli's
538 1035 596 1056 ·····
602 1032 610 1052 ··
616 1032 744 1054 ..........
744 1071 747 1075 ¹
749 1031 945 1055 ...............
948 1009 967 1068 p
971 1032 979 1049 .
1002 988 1156 1049 'ill-llil.

620 1129 764 1155 ...Q-‹-

540 1160 743 1277 CthU'l'
778 1212 825 1272 tv.

320 1380 358 1421 lt!
379 1330 507 1420 leChB
527 1371 608 1414 nrts
628 1370 681 1412 trau
702 1369 731 1411 tn
752 1367 895 1435 morumne
917 1368 1050 1412 telvm.

176 1537 185 1553 ·
261 1500 339 1562 Nova
375 1497 448 1578 apud
487 1492 724 1557 Ciceronem
756 1490 901 1553 historiam
920 1491 1055 1553 nocendi
1077 1480 1158 1552 ratio.

222 1583 314 1645 Primo
341 1578 471 1641 historiae
497 1566 552 1634 lex.
584 1571 704 1632 Criticne
729 1572 782 1633 vis.
811 1572 944 1631 Brutus
968 1591 1017 1632 seu
1038 1572 1164 1647 ‹halogns
1270 1628 1274 1641 p

225 1666 260 1725 de
289 1662 380 1722 Chris
406 1656 581 1717 Oratoribus.
626 1651 702 1727 Libri
725 1652 760 1713 de
788 1651 918 1712 Oratore.
946 1653 1163 1713 Aristotelis

223 1763 295 1823 opus
336 1748 394 1823 περὶ
414 1743 560 1802 πολιτειῶν,
596 1734 843 1812 Peripateticorum
870 1734 967 1795 merita
1006 1734 1036 1807 in
1061 1734 1164 1794 criticis

226 1821 473 1903 disquisitionibus.
517 1815 759 1877 Aristotelis
789 1828 817 1875 et
837 1815 1051 1877 Ciceronis
1075 1816 1165 1875 studia

225 1904 503 1968 historica...........
508 1937 920 1961 ...............................
923 1918 953 1975 p.
989 1897 1162 1959 tte-tao,

607 2033 779 2059 unu-*-

559 2115 582 2174 C
604 2117 629 2175 Α
650 2117 673 2175 P
695 2116 719 2176 U
741 2117 764 2174 Τ
799 2117 836 2176 V.
909 2184 910 2187 Ἴ

463 2269 608 2311 otonnorns
636 2270 760 2311 mutnet
788 2270 938 2313 nocrnrua.

268 2389 517 2469 Peripateticorum
541 2387 651 2448 merite.
696 2388 737 2450 De
766 2403 876 2451 oratore
893 2391 1031 2469 ..optimo
1059 2392 1099 2452 rei
1113 2412 1170 2472 pu-

231 2477 321 2537 bheae
356 2484 476 2532 rectore.
521 2468 702 2548 Eloquentiae
735 2484 764 2532 et
788 2472 981 2550 Philosophiae
1005 2492 1068 2533 cum
1092 2475 1171 2535 Poli-

231 2559 284 2618 tiee
317 2553 443 2615 doctrina
482 2553 621 2630 cognatio.
681 2553 800 2614 Persecti
835 2554 953 2617 ciuitatis
979 2556 1171 2632 guhematoris

233 2639 319 2700 notio.
366 2635 478 2694 Ethiees
512 2634 586 2711 apud
621 2633 871 2697 Aristotelem
903 2649 931 2696 et
954 2637 1171 2701 Ciceronem

234 2739 297 2781 cum
335 2716 453 2777 Politice
495 2715 619 2776 doctrina
648 2716 815 2796 conjunctio.
860 2718 1007 2797 Utriusque
1036 2719 1172 2779 sententia

236 2802 271 2860 tle
293 2797 411 2873 ciuitatis
435 2795 551 2872 origine.
596 2797 649 2857 Rei
673 2800 800 2874 publicae
829 2799 952 2863 delinitio
978 2819 1012 2861 ae
1036 2802 1172 2863 nonnitu-

239 2879 289 2938 tio.
312 2874 440 2935 Amicitia
467 2892 502 2932 ex
525 2876 666 2951 utriusque
693 2892 784 2941 mente
806 2879 1111 2945 lundnmemumomnis
1124 2901 1175 2947 so·

239 2957 346 3019 rietatis
381 2953 480 3014 ciuilis.
523 2953 699 3030 Comparatio
742 2958 941 3020 Ciceronis
969 2962 1083 3027 Laelii
1111 2983 1174 3025 cnm

238 3036 452 3101 Aristotelis
479 3034 558 3097 libris
584 3034 832 3097 Nicomacheis
856 3051 957 3101 octauo
975 3054 1004 3103 et
1026 3061 1111 3102 nono.
1133 3045 1177 3107 lle

241 3120 359 3201 duplicis
391 3117 514 3199 justitiae
539 3116 726 3179 distinetione.
748 3118 984 3183 Aristoteles
1005 3120 1177 3190 Ciceroni

239 3206 268 3265 in
292 3199 398 3283 justitia
425 3199 581 3261 delinienda
609 3199 754 3278 plurimam
775 3213 885 3281 partem
912 3202 1000 3264 lacero
1034 3205 1177 3282 praetulit.

240 3281 394 3362 nequitatis
419 3281 508 3340 notio.
551 3281 593 3341 De
620 3281 709 3343 tribus
735 3281 776 3347 roi
803 3284 930 3360 publicae
944 3285 1050 3355 formis.
1072 3284 1179 3353 Laudat

240 3378 357 3445 uterque
382 3362 501 3423 maxime
521 3363 614 3440 regate
636 3363 753 3427 civitatis
775 3382 873 3442 genus.
896 3365 1025 3445 Optimae
1038 3368 1181 3447 regiminis

243 3447 350 3509 lormae
373 3462 390 3503 e
414 3443 503 3504 tribus
529 3444 631 3519 mixtae
653 3444 881 3509 Aristoteles
916 3445 1014 3513 enetor
1046 3448 1182 3517 dicendus

243 3529 363 3592 ridetur.
392 3523 435 3585 hb
463 3536 583 3603 utroque
607 3544 695 3604 aeque
719 3527 872 3606 vituperata
900 3543 943 3593 cst
967 3531 1120 3599 Laconicen
1139 3533 1182 3597 rei

245 3606 376 3688 publicae
412 3606 594 3683 constitutio,
634 3608 744 3673 laudate
785 3611 937 3688 aequabilis
974 3612 1180 3690 mgistratum}

244 3689 356 3751 eleotio.
398 3687 440 3747 lle
473 3687 536 3748 loco
565 3689 627 3749 urbi
662 3691 824 3753 condendae
856 3693 974 3755 memme
1011 3694 1180 3772 opportuno.

244 3769 467 3831 Aristotelis
491 3774 708 3850 συμβουλευτικὸν
728 3776 792 3853 πρὸς
802 3773 985 3857 Ἀλέξανδρον,
1006 3775 1186 3848 Ciceroni

246 3851 409 3930 exemplar,
430 3849 505 3928 quod
530 3850 557 3908 in
584 3851 784 3912 conscribendo
813 3852 1018 3916 Commentario
1040 3856 1076 3917 ad
1098 3856 1186 3916 Cae-

249 3950 368 3995 sarem
390 3931 565 4010 imitaretur,
588 3932 722 4012 optimum
725 3975 947 4002 .................
951 3957 981 4015 p.
1007 3938 1181 3999 ent-tun.

610 4043 826 4069 ···-0-—-
