2894 4896
645 412 688 477 99

197 595 231 660 in
269 619 334 685 quo
372 617 474 661 sermo
506 596 547 660 ite
572 593 736 663 inducitur
758 612 952 685 ceterorum,
978 617 1012 668 ut
1024 627 1130 691 penes

196 718 303 802 ipsum
323 717 369 780 eit
386 715 635 803 primpoatusss'
880 696 883 701 ’

240 810 319 899 Setis
344 833 407 896 veni
429 829 526 896 simile
549 847 617 912 est,
641 831 899 897 Ciceronem
923 832 1012 929 hene·
1030 839 1129 904 retio-

194 971 271 1011 nem
307 967 371 1010 esso
402 961 546 1010 secutum
574 947 608 1010 in
630 947 878 1013 Hortensio
902 949 966 1015 sive
987 948 1071 1017 libro
1091 952 1133 1018 de

196 1057 418 1146 Philosophia,
441 1059 475 1123 in
500 1080 565 1147 quo
588 1056 635 1146 Q
657 1058 956 1146 Hortensium,
979 1064 1023 1153 Q.
1049 1068 1129 1132 Lu.

56 1203 68 1217 ·
196 1179 351 1243 tatium
388 1156 611 1254 Catulum,
647 1176 936 1244 L.Lieinium
961 1181 1130 1246 Lucul-

194 1293 298 1375 lum,
322 1293 367 1381 Q.
396 1290 619 1358 Lucilium
642 1290 838 1374 Bulbum,
863 1292 1077 1386 semetipsum
1099 1315 1130 1364 et

192 1598 223 1655 p.
268 1577 340 1644 xvi,
375 1578 451 1637 xvu
484 1592 512 1638 et
536 1580 733 1655 staurium,
757 1581 792 1657 ΙΙ,
822 1601 852 1658 p.
879 1581 950 1648 245,
980 1581 1052 1640 246.
1076 1582 1131 1642 cu.

194 1689 230 1748 de
260 1689 401 1749 hocloco
436 1689 541 1768 Wytt.
575 1689 663 1767 Epist.
693 1689 767 1749 laud.
792 1710 823 1769 p.
848 1692 899 1765 51,
924 1690 981 1749 Ph.
1009 1691 1044 1750 G.
1070 1712 1135 1752 van
1231 1687 1234 1689 ’

194 1797 358 1874 Heusde,
381 1799 443 1858 luit.
473 1800 508 1875 ΙΙ,
534 1797 557 1876 Ι,
578 1819 607 1877 p.
642 1800 710 1875 155,
742 1796 859 1860 Orell.
886 1799 955 1860 Ciu.
973 1799 1049 1879 Opp.
1066 1800 1130 1861 Vol.

67 1972 82 1983 ,
193 1910 240 1984 ΙΙΙ,
271 1929 302 1987 p.
332 1910 355 1985 Ι,
382 1929 410 1987 p.
440 1911 491 1985 ΙΙ,
513 1909 624 1969 Madv.
648 1908 683 1969 Ο.
707 1912 729 1968 Ι.
759 1910 787 1969 in
813 1910 903 1987 prael.
926 1929 956 1989 p.
985 1910 1044 1986 LX,
1057 1911 1131 1970 LXl.

192 2019 263 2078 illud
300 2018 381 2097 igilur
411 2029 508 2079 nutem
535 2039 588 2079 non
611 2019 695 2079 habet
718 2020 772 2077 vim
800 2018 1004 2096 oppositionis,
1026 2031 1057 2077 ut
1084 2020 1132 2078 in-

193 2139 330 2203 terpretes
364 2140 552 2202 monuerunt,
585 2128 636 2186 sed
668 2128 720 2185 rite
756 2126 911 2205 appositum
943 2126 1053 2186 videtur
1094 2130 1130 2188 nd

194 2235 389 2313 praestantium
426 2235 538 2295 ulterius
578 2236 667 2294 neoris
701 2234 789 2312 mugio
827 2233 1023 2293 extollendam.
1054 2233 1130 2294 Kri-

194 2344 339 2421 sohium,
365 2343 411 2421 qui
431 2343 468 2403 0.
498 2345 517 2403 Ι.
543 2363 573 2423 p.
603 2345 640 2403 15
654 2343 1008 2423 sqq.‚Aristotelium
1022 2362 1130 2405 morem

194 2458 280 2517 lutere
308 2456 426 2516 maxime
454 2467 549 2515 censet
571 2457 600 2513 iu
627 2453 800 2514 distinetione
826 2452 998 2531 dialogorum
1016 2473 1032 2513 a
1048 2466 1130 2515 cete—

194 2570 233 2628 ris
250 2571 358 2647 seriptis
381 2581 462 2647 utque
491 2569 519 2628 iu
545 2568 686 2648 perpetuis
714 2567 894 2635 orationibus,
909 2568 1009 2646 pilleus
1018 2580 1130 2628 utuntur

193 2698 347 2757 personae,
373 2698 446 2756 quae
468 2679 590 2756 singulae
610 2678 773 2737 senteutiam
790 2697 858 2737 sune
884 2690 977 2738 seclae
1006 2691 1127 2755 tuentur,

195 2789 313 2864 ideoque
343 2788 481 2863 antiquam
504 2788 662 2863 lectionem,
681 2789 797 2855 laum
819 2790 851 2847 in
870 2806 944 2866 quo,
969 2807 1025 2847 nou
1048 2788 1130 2847 solli-

195 2901 276 2966 citat,
313 2899 341 2958 in
370 2917 507 2963 onorem.
541 2911 570 2957 ut
593 2898 721 2973 videtin,
743 2900 861 2958 maxime
882 2900 1022 2960 inductum
1051 2902 1131 2961 Am-

192 3011 300 3072 monii
323 3012 387 3071 loon
402 3012 442 3087 (p.
459 3008 500 3068 84
511 3008 583 3086 disp.
597 3008 650 3084 n),
660 3006 755 3085 rejicio
766 3007 801 3066 ad
810 3008 1027 3084 disquisitionem
1038 3030 1129 3070 meam

191 3125 224 3183 de
258 3121 473 3187 Aristotelio
503 3139 601 3195 mmo,
638 3132 669 3178 ut
698 3118 780 3179 etium
801 3118 933 3195 aulona,
959 3138 1031 3197 quae
1054 3122 1132 3181 attuli

191 3252 275 3312 pugg.
295 3233 345 3298 ul,
365 3231 407 3291 25
427 3250 510 3309 sqq„
537 3230 588 3305 δΙ,
617 3229 667 3295 67,
693 3228 733 3288 78
758 3246 802 3306 sq.
818 3247 846 3287 n.
864 3227 950 3307 disp..
974 3228 1068 3291 Obiter
1083 3243 1130 3292 ta-

190 3362 255 3402 meu
276 3340 443 3402 monendum
467 3357 528 3398 esse
557 3355 676 3413 censeo,
699 3337 882 3417 qualicunque
911 3337 1022 3399 undem
1046 3340 1131 3403 modo

190 3455 263 3514 huno
293 3449 470 3512 Ammonii
502 3449 594 3509 locum
626 3447 688 3525 quis
719 3448 935 3526 interpretetur.
973 3467 1007 3507 eo
1036 3462 1128 3511 temen

191 3566 302 3625 minime
329 3580 420 3621 meniu
459 3561 495 3620 de
519 3557 739 3619 Aristotelio
760 3576 839 3617 more
862 3559 1025 3620 sententium
1044 3561 1125 3623 inur-

190 3675 269 3734 muri.
310 3672 472 3732 Dominelur
509 3668 583 3727 enim
603 3668 672 3727 haee
696 3666 844 3746 peculiaris
871 3667 928 3727 sive
960 3669 1127 3747 syllogistica

190 3787 382 3862 inultumque
404 3794 511 3860 purtem
528 3777 685 3856 disputandi
704 3778 784 3843 ratio,
806 3796 860 3837 non
881 3777 972 3838 minus
995 3778 1023 3837 in
1047 3778 1128 3837 Ari-

190 3892 338 3955 stotelis
358 3889 467 3968 sculptis
490 3884 690 3951 aeroametieis,
713 3903 795 3962 quam
808 3885 837 3943 in
852 3886 911 3964 ejus
921 3885 1048 3965 dialogis.
1071 3886 1126 3948 cn.

190 4016 273 4065 uotae
299 4005 325 4077 Ι,
347 4021 378 4078 p.
404 3999 453 4074 86,
479 3997 518 4057 8Ι
547 4010 575 4055 et
600 3998 630 4072 Ι,
656 4015 686 4074 p.
709 3994 747 4053 91
771 3994 844 4071 disp.
866 4014 895 4053 n.

970 4105 989 4170 7
1002 4111 1019 4142 e
