2894 4896
647 428 709 498 121

196 622 386 709 διέφαγε,
407 615 725 704 memornspmdita
735 613 934 704 dijudicare,
946 615 1146 689 fundamen

197 745 267 799 tum
292 730 353 799 snit
387 730 488 800 omnis
522 724 647 801 criticae
668 735 764 815 artis,
802 755 883 822 quse
904 749 972 800 orta
1007 732 1148 826 quidem

197 868 216 910 e
259 842 412 916 cernendi
445 860 512 912 orte
539 842 795 934 inveniendique
820 845 972 915 methodo
1002 848 1147 917 Plato·'

198 964 283 1048 nis,
313 960 483 1050 judicandi
515 978 620 1028 tumen
652 962 828 1051 praeceptis
859 963 924 1030 sive
943 962 1144 1054 syllogisticae

198 1078 443 1147 Aristotelis
464 1079 561 1166 magis
586 1075 820 1147 accommodata
843 1092 877 1144 et
894 1079 935 1147 ub
960 1077 1024 1146 hoc
1055 1101 1143 1170 qno-

198 1216 264 1286 que
294 1194 429 1263 maxime
447 1192 530 1263 cultu
562 1195 623 1260 suit
652 1191 714 1282 (l).
758 1192 896 1277 Criticu,
918 1190 1147 1285 sddispelleu-

195 1306 251 1379 das
285 1305 414 1377 nebulus
436 1331 546 1375 omues
568 1309 603 1375 in
624 1306 885 1381 sturnorum
908 1307 1063 1398 imprimis
1081 1306 1135 1377 ef-

184 1422 300 1508 ficax,
331 1421 518 1514 disputandi
553 1420 589 1489 ln
617 1438 796 1514 ‚utramque
827 1438 951 1514 purtem
984 1406 1156 1493 rationem*

198 1548 332 1617 maxime
366 1547 513 1639 provexit
531 1561 564 1613 et
582 1548 697 1614 oratori
721 1543 889 1631 δεινότητα,
915 1547 979 1613 vim
998 1544 1139 1623 dicendi.

201 1661 389 1733 conciliavit.
437 1663 528 1729 lianc
550 1662 647 1749 igitur
663 1679 763 1728 artem
785 1660 1149 1752 Ciceroimprimls'in

201 1775 366 1847 censendis
399 1778 595 1861 oratoribus,
626 1776 844 1870 philosophis,
868 1774 1022 1845 historicis
1045 1774 1142 1845 adhi-

202 1896 296 1979 buit,
319 1910 376 1977 οι,
398 1911 436 1960 ut
457 1892 698 1963 Aristoteles
730 1894 805 1984 (2),
839 1917 906 1963 non
924 1894 1041 1983 scripta
1060 1896 1143 1963 seri·

204 2028 372 2103 ptorumve
403 2008 580 2093 editiones,
612 1988 672 2076 sed
703 2010 786 2098 ipsos
811 2010 1002 2100 scriptores,
1037 2031 1146 2078 eorum

205 2125 318 2217 placitu
348 2127 494 2216 variaque
523 2128 558 2192 iu
591 2124 689 2223 literis
709 2124 843 2207 meritc,
867 2121 1145 2191 characterismum

205 2259 242 2310 ut
263 2243 307 2309 itu
333 2240 456 2326 dicem,
479 2239 633 2333 spectavit
650 2238 793 2304 maxime.

251 2363 290 2428 In
309 2360 483 2428 oratoribus
505 2381 679 2449 eorumque
702 2357 868 2443 generibus
889 2353 1088 2455 recensendis
1111 2357 1143 2424 in

206 2481 333 2547 Bruto
354 2451 418 2544 sive
441 2473 562 2562 dialogo
580 2472 621 2540 de
645 2472 743 2540 Claris
761 2472 969 2556 Oratoribus,
995 2472 1145 2541 Cicero

205 2595 362 2681 egregium
384 2617 416 2659 se
441 2594 589 2659 criticum
610 2588 774 2680 praestitit.
806 2590 844 2654 ln
869 2610 935 2685 quo
956 2610 1050 2677 opere
1072 2586 1147 2679 psl-⁴

207 2706 307 2770 morio
337 2698 567 2769 conscribendo
600 2714 725 2792 praesto
758 2700 787 2764 ei
818 2698 881 2765 suit
903 2697 1156 2767 Aristotelis

208 2823 315 2890 similis
336 2823 510 2908 argumenti
531 2821 612 2888 liber
633 2820 697 2911 περὶ
741 2826 853 2906 τεχνῶν
897 2830 1065 2909 συναγωγῆς
1084 2822 1144 2911 (3).

208 2940 300 3009 Licet
322 2955 427 3006 sutem
450 2935 507 3004 hic
531 2959 659 3025 quoque
678 2914 888 3023 ¹comparandi
901 2936 1144 3005 facultatemin-

203 3056 289 3144 juria
328 3069 507 3145 temporum
542 3051 634 3115 nobis
656 3049 826 3136 eripuerit,
860 3073 899 3115 ex
918 3050 1015 3141 ipsius
1040 3068 1144 3121 tamen
1184 3042 1187 3047 ¹

207 3167 420 3239 Ciceronis
443 3164 624 3232 testimoniis
647 3163 758 3254 quanti
783 3162 846 3230 hoc
867 3187 947 3256 opus
968 3164 1141 3255 feceritju-

208 3281 314 3350 dicare
336 3278 541 3349 conceditur:
589 3279 751 3362 „Veteres
777 3278 950 3369 scriptores
967 3281 1063 3363 artis,
1086 3306 1143 3350 us-

209 3420 274 3488 que
295 3421 313 3462 s
336 3394 485 3489 principe
506 3389 558 3457 illo
576 3406 671 3479 atque
690 3391 854 3459 inventore
882 3393 989 3462 Tisia
1023 3399 1144 3491 repeti·

218 3569 459 3590 m

177 3727 181 3734 ·
249 3686 290 3763 (l)
312 3684 374 3746 Ph.
397 3681 434 3743 G.
457 3701 522 3742 van
542 3680 694 3758 llcusdc,
718 3682 780 3744 lnit.
812 3683 848 3759 ll,
876 3683 913 3763 11,
938 3705 969 3765 p.
1000 3688 1059 3749 175
1079 3705 1143 3768 sqq.

210 3796 250 3874 (2)
271 3794 324 3857 cn.
347 3794 482 3870 Buhlc,
511 3791 549 3853 0.
580 3793 601 3852 l.
626 3792 675 3867 lll,
697 3811 728 3870 p.
754 3791 816 3852 259
840 3812 904 3872 sqq.
923 3795 1142 3875 et'l'itzc,0.

209 3906 231 3963 1.
261 3924 292 3983 p.
315 3904 384 3964 120.
428 3904 468 3981 (ὃ)
490 3902 544 3963 eff.
568 3900 753 3978 Menagius
773 3902 809 3961 ad
833 3902 932 3983 Diog.
957 3905 1083 3969 laist.
1106 3908 1142 3985 V,

211 4013 252 4073 st
281 4011 325 4090 (Τ.
351 4012 388 4088 ΙΙ,
418 4031 448 4092 p.
482 4010 549 4089 194)
586 4009 759 4086 etstshr,
785 4010 821 4084 ll,
849 4030 878 4089 p.
913 4011 981 4073 155.
