2930 4812
778 348 823 414 52

330 522 498 621 junctidne
526 529 576 597 vei
609 527 823 617 disjunctione
858 524 1022 595 affirmatio
1041 544 1096 599 ant
1123 535 1269 622 negatio,

334 647 383 714 vel
404 670 489 731 vera,
512 645 561 713 vei
583 643 678 730 saba,
701 649 833 722 ueritas,
863 658 900 709 ut
923 645 966 711 ita
987 642 1116 732 dicam,
1139 653 1270 741 logion,

334 763 409 829 oriri
429 760 559 828 demum
576 777 680 852 potest
701 758 762 848 (l).
799 760 884 827 Hine
906 784 1038 850 quoque
1060 762 1204 834 Cicero
1223 764 1272 852 (2)

332 876 524 944 dialecticam
548 874 771 962 praedicavit,
811 924 836 958 ,‚
855 891 953 942 artem
990 878 1135 946 omnium
1157 881 1273 951 artium

331 992 521 1072 maximam,
550 991 639 1080 quasi
666 988 769 1057 lucem
799 986 841 1054 ad
868 1012 923 1072 ea,
957 1014 1039 1079 quae
1069 992 1199 1059 confuse
1230 995 1271 1061 ab

332 1104 397 1171 aliis
423 1120 478 1170 aut
498 1099 795 1193 respondebantur,
823 1117 878 1167 aut
896 1105 1091 1189 agebantur,
1112 1144 1159 1161 -·
1190 1133 1272 1199 quse

333 1216 461 1286 doceret
478 1240 546 1283 rem
566 1217 744 1283 universam
769 1214 911 1280 tribuere
931 1217 965 1280 in
977 1232 1099 1305 partes,
1120 1217 1270 1289 latentem

331 1330 490 1423 explicare
510 1327 718 1408 definiendo,
741 1329 908 1396 obscuram
927 1329 1268 1425 explanateinterpre-

334 1446 453 1533 tand03
479 1448 622 1535 ambigna
642 1447 784 1536 primum
807 1444 935 1530 videre,
956 1445 1075 1515 deinde
1094 1448 1269 1538 distingue·

334 1560 902 1655 te3pust1emohabere1egalam,
935 1589 999 1654 qua
1021 1588 1092 1630 vera
1125 1581 1158 1631 et
1190 1564 1262 1632 salsa

335 1677 607 1765 dijudiearentur,
637 1693 675 1742 et
709 1700 808 1767 quae,
848 1679 968 1767 quibus
1001 1679 1126 1765 positis,
1148 1696 1272 1763 essent,

334 1811 483 1885 quaeque
504 1816 571 1860 non
595 1808 698 1858 essent
725 1794 984 1880 consequentia.”

333 1940 337 1951 ¹
383 1912 504 1995 ;‚Cum
538 1908 640 1981 omnis
675 1907 755 1973 ratio
788 1904 919 1993 diligens
937 1906 1109 1976 disserendi
1119 1913 1154 1993 ,''
1175 1926 1210 1976 ut
1230 1913 1273 1977 ait

335 2026 481 2092 Cicero
505 2022 578 2112 (3),
610 2021 725 2106 „duas
757 2021 870 2089 babeat
900 2038 1004 2111 partes
1013 2067 1026 2106 -‚
1059 2048 1156 2091 unam
1178 2025 1272 2091 inve·

333 2138 471 2223 utendi,
494 2137 621 2204 alteram
635 2134 827 2225 judicandi:
853 2138 1019 2229 utriusque
1040 2119 1210 2230 princeps,
1237 2155 1274 2205 ut

335 2255 418 2321 mibi
452 2252 584 2343 quidem
607 2250 755 2335 videtur,
789 2251 1036 2319 Aristoteles
1059 2252 1132 2322 suit.
1175 2253 1273 2322 Stoici

333 2385 442 2436 autem
461 2369 496 2433 in
514 2367 608 2434 altera
626 2365 874 2434 elaboraverunt.
917 2364 1087 2434 Judieandi
1108 2368 1192 2434 enim
1212 2368 1274 2434 vias

337 2489 504 2577 diligenter
530 2490 687 2581 persecuti
714 2505 810 2572 sunt,
845 2513 879 2556 ea
898 2491 1048 2574 scientia,
1083 2515 1181 2581 quam
1200 2488 1275 2556 dtu-

332 2614 470 2683 ’λεντικὴν
502 2610 672 2704 appellant.
724 2612 912 2679 Inveniendi
936 2637 1009 2682 vero
1029 2628 1161 2695 artem,
1193 2637 1273 2702 quse

338 2739 441 2807 totttttt't
467 2734 605 2813 dicitur,
641 2755 786 2821 quaeque
820 2730 860 2797 ad
898 2754 991 2798 usum
1010 2732 1114 2822 potior
1134 2747 1221 2814 erat,
1239 2747 1273 2797 et

336 2851 447 2920 ordine
471 2865 601 2915 naturae
627 2862 712 2914 uerte
731 2846 840 2938 prior,
871 2862 968 2912 totam
979 2844 1186 2934 reliquerunt.
1208 2847 1271 2912 Nos

327 2982 461 3049 'autem‚
485 2964 635 3054 quoniam
656 2963 690 3027 in
714 2978 848 3050 utnaque
873 2983 994 3026 summa
1015 2959 1127 3026 utilitas
1148 2975 1217 3042 est,
1238 2975 1271 3025 et

335 3103 525 3178 utramque,
559 3084 585 3149 si
617 3082 815 3160 antatium,
850 3080 998 3170 persequi
1018 3080 1207 3166 agitamus,
1229 3080 1271 3143 ab
1331 3106 1334 3112 ·

251 3184 259 3195 ’
333 3227 388 3282 aa,
410 3224 491 3290 quaa
515 3198 604 3284 prior
625 3210 691 3274 est,
717 3189 911 3258 ordiemur.”
959 3192 1058 3281 Quod
1068 3192 1176 3261 iisdem
1188 3219 1268 3283 pue..

340 3348 566 3364 Μ..-

377 3428 417 3503 (t)
438 3425 502 3485 Cat.
535 3444 562 3484 ο.
601 3427 632 3499 t,
670 3420 742 3501 Tap.
778 3425 800 3490 Ι,
826 3425 857 3483 9.
903 3424 942 3499 (2)
965 3423 1073 3482 Brut.
1096 3442 1123 3480 e.
1147 3425 1199 3482 tt.
1226 3421 1271 3482 ct.

335 3534 446 3595 Arist.
466 3532 539 3610 Top.
562 3531 584 3607 i,
619 3533 647 3605 i,
669 3535 778 3611 μέθοδον
799 3535 902 3609 εὑρεῖν,
924 3529 965 3608 eip'
985 3534 1016 3598 ἧς
1038 3533 1200 3609 δυνησόμιθα
1211 3534 1275 3590 συλ-

338 3650 477 3723 λογίζεᾶοιι
513 3646 573 3721 ’περὶ
605 3641 700 3704 παντὸς
730 3647 776 3695 τοῦ
821 3643 984 3715 προτεθέντος
1024 3641 1209 3715 προβλήματος
1247 3641 1276 3705 ἐξ

339 3755 469 3831 ἐνδόξων,
501 3750 545 3806 καὶ
579 3750 654 3805 αὐτοὶ
696 3748 772 3821 λόγον
804 3748 965 3822 ὑπέχοντος,
986 3747 1065 3821 μηθὲν
1086 3747 1191 3819 ἐροῦμεν
1212 3746 1276 3800 ὑπε-

338 3864 463 3926 ναντίον,
495 3850 651 3918 Gellius,
673 3848 733 3916 XV,
755 3850 806 3909 26.
853 3850 893 3925 (ὅ)
915 3849 987 3926 Τθρ.
1013 3868 1040 3910 c·
1062 3848 1094 3905 ἢ.
1120 3845 1165 3905 Cf·-
1191 3844 1272 3905 ΟΜ.

337 3980 364 4021 c.
394 3960 432 4019 52
457 3972 486 4020 et
514 3962 565 4020 51.
