2918 4814
751 370 814 439 160

315 560 540 645 Madvigius
564 551 824 640 nogsrevidetnr,
848 550 1259 620 hoclibrohristotelis

316 678 430 770 placita
450 673 543 741 latere
562 670 625 759 (l);
649 669 911 761 utramqueenim
922 668 1146 759 quaestionem,
1161 695 1260 761 quam

316 782 881 870 summushioVirminmdistinxit,
904 781 1259 851 Aristotelemnein

317 906 400 973 libro
422 878 536 992 quinto
559 897 599 965 de
622 898 754 965 Finibus
775 912 900 965 secutus
922 896 1144 980 sitCicero,
1166 895 1254 983 lege-

314 1024 398 1088 ritne
427 1021 496 1106 ejus
517 1013 804 1095 Nicomachea,
842 1011 972 1081 minimo
996 1009 1258 1081 confundendam

314 1158 377 1205 esse
398 1131 491 1200 duco.
514 1131 658 1197 Primum
683 1126 815 1218 quidem
836 1125 924 1195 haud
948 1125 1130 1213 negligenda
1150 1150 1255 1215 pecu·

312 1251 393 1317 liaris
424 1245 638 1315 Ciceronis
670 1241 918 1336 philosophandi
937 1244 1037 1323 ratio,
1062 1267 1158 1331 qnam
1182 1241 1255 1309 ideo

314 1369 348 1431 in
369 1363 530 1455 principio
550 1359 647 1446 hujus
670 1358 780 1449 capitis
800 1357 935 1425 maxime
955 1355 1181 1425 attendendam
1193 1382 1256 1424 esse

314 1482 440 1564 cenaui3
466 1502 547 1571 qnae
564 1476 681 1545 scilieet
701 1477 781 1543 ratio
802 1476 947 1543 excitavit
970 1476 1003 1541 in
1020 1477 1256 1545 macerrimum

314 1595 410 1663 varias
442 1606 540 1658 sectas
569 1586 761 1658 conciliandi
790 1585 957 1672 studiana
993 1611 1059 1678 quo
1075 1586 1197 1657 sactum
1217 1605 1253 1653 ut

314 1708 511 1788 Platonis,
553 1703 796 1775 Aristotelis
829 1702 949 1790 singula
979 1702 1114 1796 quidem
1139 1704 1253 1796 placita

314 1825 468 1908 attulerit,
505 1838 602 1891 totam
630 1844 705 1888 vero
733 1844 843 1886 eorum
876 1817 1055 1887 doctrinam
1077 1845 1254 1912 numquam

314 1941 533 2037 proposuerit3
571 1939 613 2002 ita
644 1952 704 2020 ut,
735 1931 823 2024 quod
848 1933 890 2005 de
913 1934 1143 2005 Aristotele
1164 1935 1252 2005 affir-

313 2059 409 2125 mavit
430 2052 684 2140 Madvigius,
706 2049 831 2117 nullum
849 2052 917 2137 ejus
939 2048 1069 2137 dogma,
1104 2048 1191 2140 quod
1212 2049 1252 2117 ad

313 2177 415 2265 ipsam
449 2167 682 2259 philosophiam
696 2210 698 2215 ,
712 2166 906 2258 pertineret,
929 2164 1035 2257 paullo
1056 2167 1208 2257 copiosius
1236 2190 1252 2231 a
1292 2150 1299 2163 ’

314 2292 523 2358 Cicerone
554 2283 646 2349 fnisse
666 2282 845 2372 expositum
870 2278 943 2372 (2),
978 2279 1089 2353 eodem
1106 2280 1180 2369 jure
1211 2279 1252 2348 de

312 2405 496 2495 Platone
518 2395 709 2466 contendere
729 2419 899 2486 possemus.
936 2398 1021 2465 Corn
1043 2398 1138 2483 igitur
1161 2397 1246 2464 An..

237 2578 242 2587 ,
313 2517 490 2589 tiochus
521 2510 731 2594 Academica,
764 2512 988 2603 Peripatetico,
1012 2513 1115 2580 Stoica
1134 2513 1249 2603 placita

311 2633 522 2724 conjunxerit,
546 2630 647 2696 Piso
668 2644 772 2693 autem
796 2643 858 2693 tam
875 2653 893 2693 a
915 2629 1065 2695 Stasea
1082 2629 1247 2717 Peripate·

312 2755 384 2836 tioo,
404 2773 502 2838 quam
522 2748 562 2813 ab
589 2744 876 2833 Antiochoid)
898 2745 1071 2828 institutus,
1093 2743 1155 2813 hoc
1165 2743 1248 2811 libro

310 2886 460 2956 tanquam
484 2885 615 2952 persona
652 2859 822 2929 inducatur
845 2856 916 2948 (4),
950 2884 1017 2929 non
1041 2860 1158 2926 mirum
1179 2860 1245 2926 ci-

311 2981 466 3052 ceroni
498 2976 770 3045 Antiochum
805 2974 1055 3065 philosophum,
1090 2974 1187 3065 quem
1212 2976 1247 3040 in

311 3102 373 3168 hac
396 3095 614 3186 disquisitione
634 3107 842 3181 sequeretur,
860 3092 994 3159 maxime
1019 3089 1170 3159 idoneum
1193 3091 1246 3158 vi-

309 3239 380 3281 sum
411 3233 500 3292 esse3
538 3204 628 3296 quod
653 3205 703 3271 his
734 3207 896 3273 Cottae
917 3207 951 3271 in
975 3205 1058 3273 libro
1079 3206 1121 3273 de
1140 3209 1246 3274 Natu·
1321 3214 1324 3229 '

309 3355 344 3396 ra
377 3329 516 3392 Deorum
549 3319 598 3409 (5)
630 3322 733 3390 verbis
754 3322 909 3413 imprimis
930 3320 1077 3389 iltusmri
1097 3322 1272 3413 videtote·

299 3450 552 3470 Μ

353 3502 392 3579 (i)
421 3498 499 3557 Haeo
530 3513 641 3575 quoque
680 3492 732 3552 fuit
755 3450 933 3554 liuehneri
954 3494 1090 3554 sententia
1109 3495 1144 3554 de
1166 3494 1247 3572 hujus

310 3612 397 3697 quinti
421 3608 485 3670 libri
512 3605 713 3687 disputatione,
744 3604 781 3665 Ο.
809 3606 828 3664 l.
853 3624 884 3683 p.
913 3606 983 3666 tot.
1028 3605 1068 3683 (2)
1090 3604 1158 3663 Ere.
1182 3603 1244 3670 vll,

310 3749 341 3808 p.
366 3696 438 3784 836.
483 3720 522 3798 (ὅ)
545 3718 581 3777 de
610 3717 673 3776 Fin.
699 3718 734 3785 V,
756 3694 793 3777 5ss
825 3719 872 3796 (l)
895 3717 1114 3779 Ciceronem
1134 3733 1248 3794 semper

191 3817 199 3826 ’
308 3833 437 3911 religiose
478 3844 679 3906 personarum,
710 3846 779 3906 quas
810 3826 938 3895 induxit,
961 3826 1082 3887 indolem
1103 3825 1245 3894 tenuisse,

307 3958 370 4001 cum
394 3957 428 3998 ex
455 3935 516 3996 aliis
543 3934 679 4015 dialogis,
702 3949 761 3996 tum
784 3935 902 3997 maxime
923 3953 958 3997 ex
979 3935 1057 3997 lihris
1084 3937 1120 3999 de
1134 3936 1248 3997 Oratore

304 4026 429 4130 apparet.
473 4046 514 4123 (5)
536 4045 559 4123 1,
585 4045 616 4104 ¹1.
