2930 4812
327 789 721 926 uummnum
741 788 1074 895 consumas.
1115 914 1116 917 ψ

603 1050 842 1087 w

489 1219 906 1301 'rnooautuu

297 1415 389 1498 Unde
429 1444 519 1493 mutae
544 1432 760 1493 Aristotelis
780 1434 876 1494 laudes
900 1446 1030 1513 tantaque
1054 1437 1177 1498 admira-

247 1521 286 1580 tio
315 1517 388 1596 apud
411 1515 651 1583 Ciceronem?
692 1514 820 1573 Conditio
845 1515 1092 1593 illiusscriptorum
1107 1539 1176 1577 nos-

244 1603 296 1661 tris
324 1597 505 1675 temporibus.
528 1596 576 1654 De
594 1613 690 1654 eorum
707 1595 841 1654 diuisione
864 1596 1025 1663 dissensus,
1048 1601 1176 1659 cumin.

246 1695 289 1742 ter
312 1679 460 1756 antiquos,
483 1689 541 1735 tum
565 1676 637 1735 inter
657 1677 836 1737 recentiores.
863 1676 1177 1755 Dijutlicantur-Stalr·

247 1763 308 1837 rii,
344 1757 497 1833 Ritteri,
545 1757 713 1835 Madvigii
760 1758 922 1818 sententiae.
991 1760 1094 1822 Vocum
1126 1777 1179 1824 rats

247 1850 400 1923 ἐξωτερικῶν
432 1853 461 1898 el
494 1852 544 1900 τῶν
578 1843 842 1919 ἀκροατικῶνλόγων
862 1841 1050 1918 interpretatio
1077 1862 1179 1921 propo·

149 1978 153 1987 .
247 1925 330 1982 nitur.
374 1921 585 1981 Aristotelis
614 1919 755 1979 doctrinae
790 1921 909 1981 ambitus
934 1924 1088 2002 ingeniique
1126 1943 1180 1984 co-

247 2005 292 2081 pn
296 2041 1006 2063 ......................................................
1009 2006 1176 2083 pt-m.

555 2144 561 2158 ι
642 2134 782 2176 4-

582 2250 842 2312 canuti

344 2436 444 2487 numus
466 2433 735 2475 onnonnunmtlttns
756 2433 887 2476 cacanum
907 2435 1084 2499 austoricus

468 2560 472 2567 *
546 2542 658 2585 somam
678 2543 883 2589 mauritanum·
982 2552 985 2559 '

247 2719 250 2723 .
291 2663 419 2724 Cicero
441 2662 507 2740 quial
534 2680 585 2739 per
613 2672 699 2722 totam
723 2661 807 2722 uitam
821 2665 951 2741 spectarit
962 2667 1093 2727 manime?
1119 2671 1183 2731 Aa*

251 2745 372 2805 tonius
405 2756 434 2802 et
456 2743 623 2803 Crassus.
667 2744 808 2820 Uterque,
831 2746 964 2823 imprimis
985 2768 1052 2808 vero
1077 2753 1181 2813 Anto-

251 2827 351 2899 nius,
384 2824 413 2880 in
443 2823 625 2884 Cicerone
642 2825 744 2901 juvene
772 2826 1015 2889 Aristotelian
1039 2833 1180 2895 doctrinae

252 2905 341 2965 studia
360 2904 496 2981 provexit.
520 2905 665 2962 Antonii
689 2905 799 2965 libellus
819 2906 855 2964 de
871 2909 1038 2971 inventione.
1063 2914 1182 2975 Crassi

251 2984 454 3046 commentandi
482 2984 662 3058 exercitatio,
688 3003 770 3060 quam
784 3004 851 3061 prae
865 2991 964 3049 ceteris
978 2992 1106 3067 Cicero
1118 2998 1182 3057 imi-

251 3081 323 3146 tatas
348 3080 401 3127 est.
425 3066 520 3125 Simile
544 3066 746 3137 commentandi
773 3067 892 3127 studium
916 3069 943 3128 in
964 3072 1183 3136 Aristotelis

252 3150 370 3227 scriptis.
393 3148 558 3219 Quintum
572 3149 700 3223 fratrem,
713 3148 751 3205 M.
765 3148 912 3226 Pupium
927 3152 1091 3215 Pisonem
1107 3156 1183 3218 Cal-

252 3231 482 3307 purnianum,
503 3230 620 3288 maxime
634 3249 701 3290 vero
719 3230 753 3287 Τ.
770 3230 1180 3309 Pomponiumntticum,

252 3311 398 3386 Cicero,
422 3324 479 3370 tam
497 3311 697 3386 familiaritate,
719 3328 802 3389 quam
821 3314 974 3375 studiorum
993 3310 1184 3383 communione

252 3393 304 3453 sibi
328 3393 470 3464 devinxit3
492 3392 659 3471 Cratippi
680 3412 747 3455 uero
771 3393 947 3473 Peripatetici
969 3399 1059 3459 lautor
1073 3422 1143 3463 uuus
1157 3405 1184 3465 in

252 3475 349 3551 paucis
378 3474 491 3533 exstitit.
524 3474 769 3552 Peripateticorum
790 3476 932 3539 doctrinae
961 3482 1081 3543 conditio
1106 3489 1184 3564 apud

190 3616 198 3631 ,
251 3557 402 3627 Romanos.
427 3555 558 3631 Attici,
580 3556 749 3629 Luculli,
775 3556 1111 3624 Sullaebibliothecae.
1134 3567 1186 3626 lii-

250 3637 389 3714 judicatur
422 3635 614 3705 Strabonis
648 3630 778 3699 narratio.
836 3639 1009 3702 Alleruntur'
1027 3662 1186 3722 argumenta

245 3738 326 3796 ‚quae
345 3718 462 3777 maxime
484 3738 546 3778 eam
574 3719 711 3778 infirmare
736 3721 870 3783 uidentur.
902 3723 1046 3784 Relutatur
1066 3727 1187 3805 objectio

202 3866 206 3871 p
255 3819 271 3858 a
297 3799 477 3876 Madvigio
498 3801 641 3878 proposita
665 3802 699 3860 ad
724 3800 909 3863 Ciceronis
934 3808 1034 3866 verba:
1057 3811 1132 3886 quod
1154 3810 1187 3870 in

255 3883 466 3955 commentariis
489 3883 666 3960 aeturnum
670 3921 989 3947 .........................
992 3907 1023 3965 p,
1051 3890 1185 3951 22-48.

629 4018 632 4025 ‘
646 4016 794 4067 ——44-

1190 1055 1210 1083 0
