2894 4896
652 408 695 474 77

192 621 256 665 csse
276 595 487 688 eloquentiam
511 592 740 682 suspicaretur,
763 588 932 656 haesitabat
953 610 1051 677 quam
1065 611 1135 657 rna-

195 715 277 781 xime
308 729 417 779 utrum
445 732 514 792 ars,
537 732 578 774 an
596 704 760 788 studium,
779 704 987 787 exercitatio,
1010 702 1138 771 facultas

196 855 213 894 a
248 844 358 895 natura
389 825 556 915 profecta,
590 822 631 888 sit
655 817 792 887 dicenda
811 816 882 910 (l),
908 842 947 883 ex
968 819 1140 885 bisantem

201 942 350 1028 angustiis
369 937 599 1029 expedirerunt
619 960 693 1003 eum
714 933 933 1024 philosophiae
943 932 1064 1016 studia,
1086 951 1141 1015 et,

203 1058 300 1123 missis
336 1056 505 1122 nominum
539 1052 685 1139 argutiis,
718 1052 816 1143 ipsius
850 1050 1047 1139 eloquentiae
1075 1049 1139 1117 rim

199 1194 384 1259 cognoscem
405 1172 510 1260 coepit
535 1169 597 1255 (2).

243 1284 465 1376 Eloquentiam
495 1285 592 1370 igitur
616 1306 752 1351 vocans:
778 1307 910 1366 „unam
940 1279 982 1347 de
1011 1281 1140 1349 summis

197 1397 397 1480 virtutibus,
436 1393 594 1481 cogitandi
633 1383 930 1485 pronuntiandique
966 1397 1139 1471 rationem,

197 1514 381 1604 sapientiam
416 1509 490 1599 (3),
525 1534 594 1576 rem
627 1509 772 1576 facultate
807 1509 1030 1599 praeclaram,
1075 1527 1140 1579 arte

201 1626 394 1696 mediocrem
417 1624 489 1715 (t),
509 1626 594 1717 pacis
614 1626 781 1708 comitem,
813 1627 932 1712 otiique
952 1627 1084 1708 sociam,
1108 1642 1140 1693 et

200 1745 269 1829 jam
289 1743 372 1806 bene
392 1741 577 1807 constitutae
600 1740 729 1807 civitatis
755 1740 845 1829 quasi
857 1739 1016 1817 alumnam
1029 1765 1137 1831 quan-

203 1854 277 1921 dam
295 1854 357 1943 (5),
381 1851 544 1921 dominam
564 1878 671 1921 rerum
681 1854 892 1945 praeclaram,
918 1856 1059 1927 divinam
1070 1854 1143 1944 (6),

204 1970 426 2051 flexanimam,
445 1971 587 2037 omnium
610 1972 752 2058 reginam
772 1994 880 2037 rerum
893 1969 966 2058 (7)''
983 2021 994 2055 ,
1014 1988 1046 2037 et
1059 1996 1140 2060 quae

203 2085 295 2178 plura
319 2085 423 2151 attulit
444 2082 587 2172 ejusdem
608 2100 700 2150 notae
724 2082 875 2150 vocabula
895 2081 965 2171 (8),
987 2086 1055 2170 ejus
1077 2085 1143 2152 vim

205 2217 324 2267 tantam
340 2224 405 2266 esse
427 2199 633 2280 existimarit,
657 2246 680 2282 „
692 2214 728 2263 ut
750 2199 894 2266 omnium
914 2223 1045 2283 rerum,
1071 2201 1140 2267 rir-

161 2320 163 2324 ’
208 2333 337 2399 tutum,
360 2314 558 2393 officiorum,
581 2314 748 2402 omnisque
768 2329 916 2400 naturae,
939 2339 1021 2405 quae
1043 2339 1144 2384 mores

207 2429 394 2513 hominum,
420 2451 501 2517 quae
524 2428 663 2510 animos,
687 2451 768 2516 quae
779 2428 874 2494 vitam
886 2431 1050 2516 continet,
1073 2431 1140 2498 ori-

208 2549 333 2634 ginem,
355 2547 420 2614 vim
441 2547 693 2634 mutationesque
717 2562 843 2630 teneat3
868 2545 978 2613 eadem
999 2570 1138 2623 morem,

253 2807 293 2880 (l)
323 2805 360 2862 dc
396 2805 457 2861 lnv.
499 2804 521 2867 l,
551 2803 581 2866 B,
615 2802 715 2860 Brut.
745 2821 773 2861 c.
799 2804 830 2862 6.
876 2805 915 2881 (B)
945 2804 981 2864 de
1009 2803 1089 2864 Orat.
1116 2806 1142 2879 Ι,

216 2908 254 2969 Ι8
291 2924 380 2985 sqq,
407 2907 441 2972 ΙΙ,
468 2907 497 2979 Ι,
526 2905 572 2970 ΙΙΙ,
596 2906 644 2962 ΙΙ.
675 2905 719 2962 Gi.
748 2906 859 2967 Arist.
884 2909 968 2968 Rhet.
994 2910 1016 2977 1,
1048 2912 1074 2976 l,
1110 2929 1141 2988 p.

215 3017 304 3091 1555,
335 3016 363 3074 h.
389 3015 407 3072 7
429 3032 492 3092 sqq.
538 3013 577 3088 (ὅ)
600 3010 636 3070 de
663 3010 741 3071 Orat.
769 3014 819 3090 ΙΙΙ,
850 3017 898 3083 ΙΙ,
925 3019 973 3076 tu.
990 3018 1035 3076 Cf.
1048 3018 1071 3093 Ι,
1092 3018 1142 3095 18,

212 3128 248 3184 de
272 3125 332 3184 lnv.
358 3123 382 3198 l,
410 3125 423 3180 Ι
455 3135 483 3180 et
506 3119 653 3192 Quinct.
690 3120 713 3177 Ι.
740 3119 777 3180 0.
801 3122 836 3200 ll,
863 3122 915 3200 20,
944 3123 976 3206 ᾗ.
1008 3126 1057 3183 ΙΟ.
1102 3128 1142 3203 (l)

212 3232 248 3290 (le
273 3229 354 3289 Orat.
382 3229 419 3304 ll,
450 3231 480 3287 7.
525 3228 564 3305 (5)
586 3227 683 3286 Brut.
718 3247 746 3286 c.
772 3230 821 3290 tr.
853 3232 988 3311 „ltaque
1013 3234 1050 3294 ait
1067 3234 1144 3295 Ari.

214 3338 394 3404 stotelcs,
420 3356 483 3397 curn
505 3339 628 3399 sublatis*
647 3336 674 3395 in
687 3339 779 3400 Sicilia
794 3343 936 3425 tyrannis,
962 3364 1008 3405 res
1022 3345 1144 3425 privatae

210 3450 294 3528 longo
319 3444 462 3508 intervallo
486 3430 597 3527 judiciis
613 3463 826 3529 repeterentur,
849 3466 907 3513 turn
921 3455 1051 3534 primum,
1068 3458 1142 3537 quod

210 3574 285 3622 esset
317 3572 398 3620 acuta
425 3560 473 3619 itta
507 3580 599 3639 gens,
640 3575 668 3622 ot
698 3575 875 3624 controversa
902 3572 1025 3645 natura,
1054 3548 1142 3630 artem

210 3684 239 3731 ct
264 3682 415 3750 praecepta
440 3669 569 3747 Siculos,
599 3671 770 3733 Coracem
788 3686 818 3734 ct
831 3673 977 3743 Tisiam,
998 3679 1145 3757 conscrip-

214 3778 318 3842 sisse.’'
360 3780 400 3858 (6)
421 3780 457 3841 de
477 3781 510 3841 N.
536 3782 572 3840 D.
599 3783 634 3859 ΙΙ,
661 3783 711 3842 tte.
756 3785 795 3859 (7)
810 3784 845 3845 de
859 3784 939 3847 Orat.
952 3787 987 3862 ΙΙ,
1005 3788 1056 3846 ΙΙ.
1102 3788 1142 3866 (8)

214 3887 294 3950 Orat.
333 3910 358 3952 c.
397 3892 449 3955 69,
485 3893 520 3954 de
552 3892 608 3954 Off.
638 3894 674 3971 ΙΙ,
712 3896 760 3962 ΙΙ,
782 3896 818 3959 de
841 3896 960 3976 Oratl,
985 3899 1014 3968 9,
1039 3899 1137 3965 Brut.

210 4017 237 4057 c.
269 3997 297 4057 6.
733 3991 736 3995 ’
