2894 4896
652 409 694 479 79

206 598 264 663 rias
287 611 410 689 partes,
435 612 489 677 et,
513 593 671 686 quicquid
696 597 755 662 erit
773 597 807 661 in
827 621 955 690 quaque
978 621 1023 679 re,
1061 596 1149 688 quod

204 711 369 805 probabile
394 696 492 777 videri
506 713 623 801 possit,
648 711 838 780 eliciendum
862 729 957 803 atque
974 710 1149 780 dicendum

205 826 456 895 Perdiscendum'
472 830 526 914 jus
549 827 660 901 civile„
683 827 915 913 cognoscendae
934 828 1038 914 leges,
1058 851 1138 920 per-

208 941 355 1032 cipienda
384 942 486 1007 omnis
516 941 707 1029 antiquitas,
740 943 891 1009 senatoria
925 940 1140 1025 consuetudo,

209 1055 375 1148 disciplina
403 1057 449 1121 nei
484 1055 650 1147 publicae,
681 1058 754 1143 jura
786 1058 961 1141 sociorum,
990 1055 1139 1141 foedera,

209 1171 391 1262 pactiones,
415 1172 650 1263 causaimperii
670 1172 885 1258 cognoscenda
906 1186 973 1241 estc
997 1170 1144 1239 libandus

208 1287 302 1353 etiam
322 1309 362 1352 ex
385 1288 470 1353 omni
488 1309 602 1373 genere
626 1289 811 1354 urbanitatis
819 1288 1001 1356 facetiarum
1011 1280 1143 1378 quidam

207 1403 317 1494 lepos;
356 1428 444 1494 quo,
480 1422 631 1494 tanquam
661 1405 747 1485 sale,
784 1424 1008 1498 perspergatur
1039 1406 1141 1472 omnis

208 1522 341 1588 oratio.''

251 1637 337 1703 Hinc
369 1656 502 1726 quoque
527 1635 691 1723 Cicero,
725 1634 836 1703 ultimo
871 1634 954 1702 libro
987 1633 1031 1700 de
1048 1635 1140 1701 Fini·

207 1753 268 1817 bus
299 1751 371 1838 (l),
403 1772 422 1816 e
455 1751 630 1818 Pisonis
665 1774 822 1847 persona,
858 1767 922 1817 tam
940 1750 1145 1819 Academicos

205 1888 305 1957 quam
325 1867 547 1955 Peripateticos
570 1876 706 1950 veteres,
731 1888 869 1958 quorum
879 1868 1029 1958 princeps
1048 1867 1140 1934 Ari·

203 1981 409 2067 'stotele's‚
432 1981 608 2072 sequendos
629 2004 852 2049 essecensens:
879 1984 964 2065 „Ex
979 1984 1135 2063 eorum‚⁸'

206 2096 334 2185 inquit,
363 2140 385 2178 ‚,
398 2092 525 2187 scriptis
547 2111 580 2160 et
604 2095 754 2159 institutis
780 2116 855 2160 cum
874 2094 976 2159 omnis
996 2091 1141 2161 doctrina

205 2208 350 2293 liberalis,
374 2211 477 2276 omnis
500 2208 648 2292 historia,
672 2208 773 2276 omnis
794 2228 896 2274 sermo
918 2207 1038 2295 elegans
1053 2213 1142 2278 >sumi

202 2341 329 2418 potest,
363 2342 432 2392 tum
466 2325 593 2392 varietas
626 2341 672 2391 est
708 2340 796 2390 unta
820 2321 956 2407 maium,
992 2342 1142 2394 usnemu

119 2522 122 2528 Ι
206 2442 273 2507 sine
297 2462 336 2507 eo
357 2442 571 2507 instrumento
595 2438 636 2505 ad
660 2439 754 2506 ullam
774 2462 842 2505 rem
866 2439 1064 2507 illustriorem
1086 2466 1139 2508 sa·

204 2557 254 2651 tis
274 2571 403 2623 ornatus
438 2556 535 2646 possit
567 2554 727 2623 accedere.
773 2555 826 2622 Ab
847 2555 896 2620 his
919 2572 1076 2641 oratores,
1098 2560 1141 2625 ab

202 2670 252 2737 his
278 2674 500 2762 imperatores,
535 2694 572 2738 ac
611 2690 719 2738 rerum
747 2670 948 2761 publicarum
977 2673 1141 2765 principes

201 2783 399 2848 exstiterunt.
441 2782 488 2847 Ut
506 2798 508 2803 ’
523 2780 564 2846 ad
596 2783 879 2866 samosatenum,
909 2785 1140 2871 mathematici,

204 2903 335 2984 poetae,
368 2894 502 2977 musici,
535 2893 650 2962 medici
683 2884 823 2986 danique
840 2924 880 2965 cx
903 2901 967 2968 hac
986 2919 1139 2994 tanquam

200 3027 239 3076 ex
279 3010 424 3077 omnium
443 3009 558 3075 artium
581 3009 705 3076 officina
738 3012 874 3100 profecti
897 3019 1005 3082 sunt'’
1049 3018 1138 3088 leem

199 3127 352 3193 Cicero
378 3132 534 3214 spectasse
567 3124 693 3193 videtur
723 3152 818 3211 cum,
840 3131 979 3197 Bruto
998 3133 1135 3203 obsecu-

200 3257 312 3323 turus,
334 3244 501 3308 Oratorem
521 3265 615 3308 suum
639 3244 872 3330 conscriberet,
897 3263 929 3313 et
950 3246 1135 3316 inlibrisde

198 3355 372 3447 Republica
402 3359 681 3443 egregiumcivem
702 3375 735 3426 et
756 3362 907 3453 optimam
925 3364 972 3432 rei
987 3364 1136 3458 publicae

198 3469 333 3539 sormam
352 3487 557 3563 proponeret.

204 3726 408 3742 Ἥ

240 3882 289 3956 (l)
316 3902 343 3944 e.
366 3884 396 3942 ὅ.
441 3882 512 3944 Huic
535 3883 631 3945 similis
652 3885 731 3947 locus
759 3900 802 3948 est
825 3891 846 3950 l.
873 3890 920 3973 IV,
948 3915 976 3956 c.
1001 3897 1020 3978 2
1044 3911 1072 3961 et
1100 3901 1129 3961 5.

197 3989 244 4049 (ll.
275 3991 357 4052 etiam
383 3994 417 4054 de
442 3992 522 4055 Orat.
548 3995 572 4071 1,
606 3994 643 4055 to
673 4009 701 4057 et
729 3986 767 4074 ll,
795 3996 845 4060 38.
