2918 4814
765 407 825 475 156

319 594 501 673 declarant,
545 590 673 659 refertae
711 590 976 681 philosophorum
1004 597 1187 680 sententiis,
1223 616 1257 665 et

321 708 570 778 doctissimorum
592 706 761 774 hominum
780 705 1019 790 familiaritates,
1042 711 1255 798 quibnssem·

324 848 383 914 per
409 823 523 891 domus
552 820 806 902 nutritionis,
830 837 863 888 et
887 823 1049 914 principes
1071 824 1137 907 illi,
1159 827 1252 894 Dio-

321 939 461 1022 dotus,
488 937 625 1017 Philo,
648 936 894 1020 Antiochus,
929 936 1203 1023 Posidonius,
1235 966 1253 1005 a

321 1056 439 1146 quibus
471 1053 607 1121 instituti
630 1053 773 1118 sumus”.
818 1053 886 1119 Etsi
909 1052 1006 1140 igitur
1028 1055 1176 1122 Cicero
1195 1079 1254 1147 per

320 1193 414 1239 omne
443 1170 522 1236 vitae
553 1183 677 1258 tempus
698 1166 930 1256 philosophiam
953 1170 1082 1235 minime
1105 1169 1253 1256 neglexe-

320 1290 385 1369 rit,
406 1302 544 1355 extrema
566 1300 671 1351 tamen
692 1300 813 1366 aetate,
849 1307 916 1351 non
942 1285 1047 1350 minus
1076 1284 1253 1355 domesticis

320 1429 417 1496 quam
446 1404 491 1473 rei
523 1400 668 1492 publicae
702 1399 925 1470 calamitatibus
967 1426 1154 1493 oppressus,
1191 1427 1250 1471 nec

321 1518 455 1611 amplius
486 1517 662 1586 forensibus
693 1517 824 1604 negotiis
855 1535 1051 1604 occupatus,
1085 1535 1186 1587 toturn
1220 1545 1252 1586 se

319 1638 360 1707 ad
394 1636 628 1729 philosophiam
657 1634 764 1703 retulit
796 1650 829 1701 et
863 1632 904 1700 ad
935 1634 1096 1702 scribendi
1123 1660 1251 1728 operam

320 1779 415 1825 omne
440 1751 582 1821 studium
600 1773 774 1842 curamque
791 1752 945 1819 convertit
965 1750 1026 1839 (1).

366 1872 440 1940 Non
471 1884 587 1937 seeum
606 1884 659 1934 aut
678 1882 809 1957 systema
829 1865 957 1958 aliquod
977 1866 1114 1937 condere
1132 1871 1250 1939 Cice-

320 1989 412 2059 roni
446 1986 682 2059 obversabatur,
717 1980 773 2048 sed
797 1979 995 2070 judicando,
1017 1984 1250 2076 comparando,

318 2104 485 2174 contrarias
518 2100 684 2168 sententias
708 2094 938 2189 ponderando,
960 2101 1064 2166 omnia
1080 2100 1250 2187 illustrare,

318 2222 406 2312 quasi
424 2218 518 2288 flores
538 2241 556 2284 e
579 2214 707 2303 singulis
725 2213 899 2304 disciplinis
914 2239 1043 2305 carpere
1054 2214 1114 2304 (2),
1137 2242 1247 2309 popu-

316 2334 394 2401 lares
424 2354 494 2397 suos
525 2327 565 2395 ad
596 2326 812 2420 philosophiae
841 2325 944 2394 studia
978 2328 1109 2398 colenda
1130 2335 1247 2399 excita-

319 2471 354 2516 re
376 2445 451 2534 (3),
474 2443 602 2512 Graecis
623 2439 702 2508 adeo
721 2441 978 2534 philosophando
999 2447 1093 2512 etiam
1114 2448 1249 2539 palmam

317 2562 498 2654 praeripere
521 2555 571 2645 (4)
592 2553 725 2622 studuit.
770 2557 880 2642 Magni
900 2557 978 2625 fecit
996 2558 1247 2650 disquisitiones,

318 2695 382 2745 tam
402 2672 443 2740 de
460 2675 555 2761 jure,
579 2694 676 2761 quarn
694 2667 735 2736 de
756 2668 885 2757 officiis3
911 2675 1043 2742 maxime
1055 2677 1245 2767 veroeipla-

315 2792 382 2866 cuit
415 2786 465 2855 illa
496 2784 744 2880 philosophandi
778 2788 877 2871 ratio,
909 2810 990 2877 quae
1020 2793 1061 2857 ab
1092 2816 1151 2859 usu
1170 2795 1248 2861 vitae

314 2906 457 2999 proxime
487 2905 605 2971 abesset
615 2932 626 2989 3
652 2927 751 2995 quam
774 2920 810 2969 ut
834 2904 1010 2990 inveniret,
1039 2908 1243 2996 Platonis,

313 3021 553 3095 Aristotelis
582 3019 776 3110 aliorumque
793 3018 927 3110 placita,
951 3020 1048 3090 modo
1067 3048 1246 3114 congruen-

311 3143 374 3226 tia,
409 3137 505 3208 modo
538 3134 738 3219 dissidentia,
770 3136 854 3202 inter
881 3160 913 3203 se
944 3138 1141 3208 contendens
1170 3142 1244 3232 (5),

275 3412 277 3415 ,
314 3386 318 3401 ·
354 3354 398 3440 (1)
417 3362 453 3423 de
482 3361 538 3422 011.
576 3363 667 3442 11,1,
696 3364 744 3431 111,
776 3366 804 3427 1.
827 3364 879 3425 cs.
907 3366 997 3426 Plut.
1024 3368 1248 3432 invitacbat

312 3474 336 3534 l.
365 3471 401 3531 t.
422 3471 458 3532 C.
481 3491 548 3533 rau
570 3473 729 3540 chsde.
756 3474 793 3534 0.
816 3475 837 3534 Ι.
858 3495 888 3554 p.
922 3477 992 3537 161.
1035 3478 1076 3554 (2)
1099 3480 1135 3540 de
1158 3480 1244 3540 ΝΑ).

313 3584 336 3660 Ι,
374 3584 409 3644 5.
446 3582 535 3644 head.
576 3584 610 3651 ll,
649 3585 679 3643 5.
706 3585 789 3646 Tuso.
812 3587 848 3663 11,
874 3586 904 3646 2.
948 3589 988 3666 (ὅ)
1010 3589 1047 3649 de
1075 3590 1137 3650 ltin.
1161 3593 1181 3658 1,
1217 3594 1244 3652 1.
1279 3632 1281 3635 -

314 3692 403 3756 head.
429 3692 454 3768 l,
476 3691 506 3758 2,
533 3691 564 3768 5,
591 3690 712 3759 ἀο,1)ἰν.
737 3694 760 3769 1,
790 3695 819 3754 1.
843 3693 898 3755 Cff.
927 3693 1141 3772 Sohlosser,
1166 3696 1245 3757 0.1.

313 3807 363 3884 ΙΙΙ,
407 3806 429 3873 Ι,
465 3825 496 3884 p.
528 3802 601 3881 200,
637 3803 762 3873 Stahr,
810 3807 845 3883 ll,
889 3827 920 3888 p.
953 3810 1022 3868 tte.
1065 3810 1105 3886 (l)
1134 3808 1245 3872 deon.

311 3913 338 3991 1,
372 3915 400 3990 1,
418 3913 466 3989 tlt,
492 3913 544 3973 bb.
587 3913 627 3991 (ὅ)
649 3913 739 3974 head.
767 3915 802 3991 11,
830 3916 964 3984 ss-ts,
992 3918 1028 3979 de
1047 3919 1108 3980 Fin.
1138 3920 1174 3996 11,
1195 3919 1247 3985 hl,

313 4024 397 4086 Tusa.
426 4024 461 4093 V,
498 4025 547 4103 ll,
572 4023 607 4085 de
634 4024 689 4085 off.
714 4026 737 4103 l,
759 4026 790 4101 2,
813 4026 847 4100 11,
877 4026 906 4084 t.
1127 4036 1131 4041 '
