2918 4814
662 392 722 463 tot

213 579 395 659 hominibus
420 574 509 668 quod
531 573 690 665 politicum
708 577 743 642 in
755 576 876 644 ciritute
894 593 1047 667 spectare,
1059 580 1168 655 8444...

215 716 285 773 com
305 694 619 783 doetriuamipeum
640 690 715 760 lieet
736 693 859 760 minore
873 694 967 781 jure,
989 693 1031 763 ud
1052 694 1155 767 toium

212 815 336 881 bouum
354 809 469 881 morule
490 808 677 896 virtutisque
703 823 827 897 partem
849 807 998 877 moralem
1018 813 1154 879 muiu-

214 928 262 993 xit
296 925 370 1016 (l);
407 922 548 1015 politices
581 944 656 988 vero
684 922 782 1012 ipsius
809 921 911 1005 finem
934 946 999 989 esse
1031 924 1147 994 voluit.

215 1048 259 1115 Τὸ
283 1048 378 1122 ποιούς
403 1070 480 1122 τινας
504 1044 553 1111 καὶ
579 1045 704 1134 ἀγαθοὺς
731 1044 794 1121 τοὺς
819 1046 937 1122 πολίτας
962 1056 1080 1120 ποιῆσαι
1101 1049 1151 1115 καὶ

213 1170 385 1262 πρακτικοὺς
411 1175 468 1238 τῶν
493 1170 590 1257 φλῶν
614 1171 673 1261 (2).
732 1173 801 1242 Hoc
837 1171 999 1240 vinculum
1024 1190 1156 1266 apponet

214 1288 346 1356 maxime
372 1311 411 1355 ex
435 1288 556 1374 egregio
576 1284 629 1353 iilo
646 1285 716 1356 loeo
736 1286 1156 1371 iufineNicomerheo·

215 1426 318 1488 rum,
341 1427 438 1494 quem
462 1426 556 1492 supra
578 1398 808 1494 apponendum
829 1425 893 1473 esse
917 1400 995 1471 duxi
1027 1404 1087 1491 (3).

259 1524 345 1590 Cum
367 1521 513 1589 Cicero
533 1504 750 1609 philosophiae
774 1533 903 1608 purtem¹
920 1518 1158 1612 morulemprue
1185 1510 1194 1533 '

219 1644 329 1711 ceteris
359 1639 508 1715 uoluerit,
545 1639 572 1704 si
595 1635 797 1703 admittemus
816 1660 912 1721 eum,
935 1653 967 1702 et
985 1637 1155 1727 πολιτείοις,

222 1754 310 1849 quod
335 1755 414 1825 adeo
433 1753 661 1842 Madvigius
682 1753 817 1820 affirmet
842 1753 903 1840 (4),
926 1769 959 1823 et
983 1754 1079 1823 libros
1091 1759 1157 1825 Po-

221 1876 322 1943 liticos
346 1869 616 1954 Aristotelis,
638 1866 727 1961 quod
750 1869 862 1960 prioris
886 1870 997 1961 eapitis
1026 1895 1159 1964 compa.

223 1994 342 2061 1utione
368 1991 437 2077 jum
469 1980 813 2079 apparatutegiue,
838 1983 891 2050 vix
915 1981 1064 2055 credibile
1091 2003 1162 2069 est,

225 2105 347 2192 rejectis
369 2102 447 2171 odeo
464 2102 611 2169 omnibus
630 2098 834 2186 antiquorum
853 2097 1056 2184 testimoniis,
1079 2126 1163 2190 quae

227 2219 419 2288 contrarium
454 2217 615 2306 probant,
652 2213 891 2281 Ciceronem
921 2213 957 2279 in
996 2217 1083 2283 omni
1105 2219 1161 2285 in.

103 2399 106 2404 .
227 2333 377 2428 quirendi
397 2349 430 2399 et
453 2326 700 2425 philosophandi
732 2325 838 2395 studio
877 2326 955 2399 odeo
980 2328 1073 2399 fuisse
1094 2357 1168 2402 ηοω

226 2452 417 2539 gligentem,
454 2465 490 2514 ut
516 2463 612 2539 caput
634 2444 888 2534 disquisitionis,
919 2443 1017 2512 libros
1041 2449 1163 2520 Nico·

226 2564 435 2647 muoheos,
470 2564 590 2652 quibus
609 2558 832 2629 deficientibus
856 2558 983 2648 politica
1004 2562 1162 2633 Aristo·

227 2678 313 2744 telis
346 2701 442 2768 opera
474 2674 658 2767 imperfecte
689 2688 784 2739 erunt
817 2672 981 2760 dicende,
1035 2702 1164 2769 prorsus

227 2816 293 2859 non
324 2792 478 2858 curaverit
497 2791 556 2877 (5).

267 2908 317 2973 Ex
338 2905 389 2973 his
414 2905 626 2992 argumentis,
651 2927 744 2994 quae,
765 2906 882 2975 etiamsi
904 2907 1023 2995 singula
1047 2909 1161 2980 fortes·

268 3132 308 3208 (4)
330 3129 472 3207 Rittor,
496 3129 533 3190 0.
550 3131 634 3209 4114,
651 3151 680 3209 p.
695 3133 767 3193 545.
813 3132 852 3210 (i)
875 3134 946 3195 Nic.
959 3137 982 3213 l,
998 3139 1046 3201 40.
1068 3139 1160 3203 cue.

225 3241 246 3299 2
274 3234 302 3299 in
325 3241 346 3299 4.
374 3240 448 3318 vlit,
474 3242 536 3302 9et
546 3242 607 3301 Pol.
632 3244 655 3318 l,
671 3246 699 3318 4,
715 3243 746 3319 8,
763 3242 868 3304 Teon.
885 3244 921 3308 0.
937 3247 958 3307 i·
975 3247 1024 3325 111,
1040 3271 1071 3330 p.
1088 3251 1160 3332 257,

220 3349 298 3428 258,
321 3352 393 3428 504,
402 3351 544 3426 >itiner,
561 3351 596 3410 Ο.
608 3352 628 3410 Ι.
641 3352 688 3424 441,
700 3372 731 3430 p.
744 3353 817 3412 547.
861 3354 901 3432 (5)
913 3355 986 3438 disp.
1000 3378 1030 3420 u.
1045 3380 1075 3439 p.
1093 3363 1162 3424 448.

227 3459 280 3520 (144.
304 3459 430 3536 ruhte,
447 3459 705 3538 0.t.111,p.165,
724 3461 782 3522 466
798 3475 826 3522 et
839 3462 960 3542 Titne,
977 3460 1013 3526 0.
1027 3468 1049 3528 l.
1063 3489 1094 3549 p.
1110 3473 1162 3533 44.

226 3570 266 3646 (4)
288 3569 357 3630 Ero.
384 3569 445 3647 Vll,
476 3589 506 3648 p.
536 3571 609 3631 855.
653 3572 693 3649 (5)
715 3568 769 3632 644.
795 3572 908 3634 Arist.
944 3575 983 3635 Μ.
1013 3577 1052 3638 tt.
1081 3579 1105 3654 1,
1134 3582 1161 3647 4,

224 3677 343 3747 Titze,
377 3677 409 3739 0.
448 3680 468 3739 Ι.
506 3699 537 3757 p.
579 3679 631 3756 45,
669 3680 794 3748 Stahr,
828 3681 865 3759 ΙΙ,
909 3702 940 3760 p.
985 3686 1053 3754 445,
1091 3688 1162 3767 444,

229 3782 389 3849 455-459
412 3802 441 3848 et
468 3790 569 3850 Teun.
595 3789 625 3848 Ὀ
660 3789 681 3847 Ι.
697 3789 746 3865 414,
773 3809 803 3868 p.
825 3791 877 3869 54,
903 3793 953 3868 tt,
984 3794 1035 3869 74,
1051 3795 1098 3874 qui
1112 3796 1164 3861 rite

226 3895 332 3955 monuit
357 3897 601 3959 Nicomaohea
623 3909 686 3957 auto
698 3897 812 3958 Politice
827 3918 888 3963 esse
900 3901 1054 3981 conscripto
1070 3949 1079 3984 ,
1101 3925 1163 3968 eum

225 4002 356 4066 hisvero
382 4020 465 4068 ouum
491 4008 568 4087 quasi
590 4026 660 4087 opus
686 4008 806 4070 efficere.
