<?xml version="1.0" encoding="UTF-8"?>
<!DOCTYPE html PUBLIC "-//W3C//DTD XHTML 1.0 Transitional//EN"
    "http://www.w3.org/TR/xhtml1/DTD/xhtml1-transitional.dtd">
<html xmlns="http://www.w3.org/1999/xhtml" xml:lang="en" lang="en">
 <head>
  <title>
</title>
<meta http-equiv="Content-Type" content="text/html;charset=utf-8" />
  <meta name='ocr-system' content='tesseract 3.04.00' />
  <meta name='ocr-capabilities' content='ocr_page ocr_carea ocr_par ocr_line ocrx_word'/>
</head>
<body>
  <div class='ocr_page' id='page_1' title='image "./disquisitiocrit01baumgoog_0143.png"; bbox 0 0 2894 4896; ppageno 0'>
   <div class='ocr_carea' id='block_1_1' title="bbox 741 374 801 445">
    <p class='ocr_par' dir='ltr' id='par_1_1' title="bbox 741 374 801 445">
     <span class='ocr_line' id='line_1_1' title="bbox 741 374 801 445; baseline 0.083 -6"><span class='ocrx_word' id='word_1_1' title='bbox 741 374 801 445; x_wconf 76' lang='lat'><strong>122</strong></span> 
     </span>
    </p>
   </div>
   <div class='ocr_carea' id='block_1_2' title="bbox 224 558 1249 3547">
    <p class='ocr_par' dir='ltr' id='par_1_2' title="bbox 297 558 1246 1921">
     <span class='ocr_line' id='line_1_2' title="bbox 300 558 1246 647; baseline -0.012 -12"><span class='ocrx_word' id='word_1_2' title='bbox 300 582 368 647; x_wconf 74' lang='lat' dir='ltr'><strong>tot,</strong></span> <span class='ocrx_word' id='word_1_3' title='bbox 400 584 501 631; x_wconf 87' lang='lat' dir='ltr'><strong>unum</strong></span> <span class='ocrx_word' id='word_1_4' title='bbox 533 563 568 627; x_wconf 91' lang='lat' dir='ltr'><strong>in</strong></span> <span class='ocrx_word' id='word_1_5' title='bbox 597 560 704 629; x_wconf 78' lang='lat' dir='ltr'><strong>iocum</strong></span> <span class='ocrx_word' id='word_1_6' title='bbox 733 558 888 633; x_wconf 79' lang='lat' dir='ltr'><strong>conduxit</strong></span> <span class='ocrx_word' id='word_1_7' title='bbox 912 558 1181 641; x_wconf 80' lang='lat' dir='ltr'><strong>Aristoteles,</strong></span> <span class='ocrx_word' id='word_1_8' title='bbox 1205 576 1246 625; x_wconf 88' lang='lat' dir='ltr'><strong>ct</strong></span> 
     </span>
     <span class='ocr_line' id='line_1_3' title="bbox 299 675 1245 769; baseline -0.005 -23"><span class='ocrx_word' id='word_1_9' title='bbox 299 677 485 761; x_wconf 83' lang='lat' dir='ltr'><strong>nominatim</strong></span> <span class='ocrx_word' id='word_1_10' title='bbox 514 678 673 769; x_wconf 83' lang='lat' dir='ltr'><strong>cujusque</strong></span> <span class='ocrx_word' id='word_1_11' title='bbox 709 692 877 769; x_wconf 74' lang='lat' dir='ltr'><strong>praccepta</strong></span> <span class='ocrx_word' id='word_1_12' title='bbox 916 699 1027 763; x_wconf 72' lang='lat' dir='ltr'><strong>magna</strong></span> <span class='ocrx_word' id='word_1_13' title='bbox 1059 675 1245 763; x_wconf 82' lang='lat' dir='ltr'><strong>conquisita</strong></span> 
     </span>
     <span class='ocr_line' id='line_1_4' title="bbox 299 789 1238 893; baseline -0.007 -29"><span class='ocrx_word' id='word_1_14' title='bbox 299 818 374 864; x_wconf 87' lang='lat' dir='ltr'><strong>cura</strong></span> <span class='ocrx_word' id='word_1_15' title='bbox 397 793 567 886; x_wconf 70' lang='lat' dir='ltr'><strong>perspicue</strong></span> <span class='ocrx_word' id='word_1_16' title='bbox 586 792 792 893; x_wconf 75' lang='lat' dir='ltr'><strong>conscripsit,</strong></span> <span class='ocrx_word' id='word_1_17' title='bbox 814 809 910 882; x_wconf 86' lang='lat' dir='ltr'><strong>atqua</strong></span> <span class='ocrx_word' id='word_1_18' title='bbox 934 789 1067 863; x_wconf 85' lang='lat' dir='ltr'><strong>enodata</strong></span> <span class='ocrx_word' id='word_1_19' title='bbox 1082 789 1238 887; x_wconf 29' lang='lat' dir='ltr'><strong>&#39;&#39;diiigen-</strong></span> 
     </span>
     <span class='ocr_line' id='line_1_5' title="bbox 298 906 1240 1003; baseline -0.005 -25"><span class='ocrx_word' id='word_1_20' title='bbox 298 926 347 978; x_wconf 86' lang='lat' dir='ltr'><strong>ter</strong></span> <span class='ocrx_word' id='word_1_21' title='bbox 364 909 524 1003; x_wconf 72' lang='lat' dir='ltr'><strong>exposuit:</strong></span> <span class='ocrx_word' id='word_1_22' title='bbox 548 933 586 979; x_wconf 88' lang='lat' dir='ltr'><strong>ac</strong></span> <span class='ocrx_word' id='word_1_23' title='bbox 610 924 734 979; x_wconf 80' lang='lat' dir='ltr'><strong>tantum</strong></span> <span class='ocrx_word' id='word_1_24' title='bbox 754 908 975 985; x_wconf 66' lang='lat' dir='ltr'>inventoribus</span> <span class='ocrx_word' id='word_1_25' title='bbox 997 906 1073 999; x_wconf 87' lang='lat' dir='ltr'><strong>ipsis</strong></span> <span class='ocrx_word' id='word_1_26' title='bbox 1089 907 1240 974; x_wconf 86' lang='lat' dir='ltr'><strong>suavitate</strong></span> 
     </span>
     <span class='ocr_line' id='line_1_6' title="bbox 297 1019 1238 1116; baseline -0.004 -23"><span class='ocrx_word' id='word_1_27' title='bbox 297 1040 330 1093; x_wconf 89' lang='lat' dir='ltr'><strong>et</strong></span> <span class='ocrx_word' id='word_1_28' title='bbox 361 1024 514 1093; x_wconf 79' lang='lat' dir='ltr'><strong>breviore</strong></span> <span class='ocrx_word' id='word_1_29' title='bbox 549 1021 680 1091; x_wconf 84' lang='lat' dir='ltr'><strong>dicendi</strong></span> <span class='ocrx_word' id='word_1_30' title='bbox 707 1023 888 1116; x_wconf 85' lang='lat' dir='ltr'><strong>praestitit,</strong></span> <span class='ocrx_word' id='word_1_31' title='bbox 910 1094 913 1101; x_wconf 72' lang='grc'>,</span> <span class='ocrx_word' id='word_1_32' title='bbox 935 1037 972 1091; x_wconf 90' lang='lat' dir='ltr'><strong>ut</strong></span> <span class='ocrx_word' id='word_1_33' title='bbox 998 1045 1093 1097; x_wconf 88' lang='lat' dir='ltr'><strong>nemo</strong></span> <span class='ocrx_word' id='word_1_34' title='bbox 1110 1019 1238 1105; x_wconf 83' lang='lat' dir='ltr'><strong>illorum</strong></span> 
     </span>
     <span class='ocr_line' id='line_1_7' title="bbox 298 1135 1240 1232; baseline -0.001 -27"><span class='ocrx_word' id='word_1_35' title='bbox 298 1154 466 1232; x_wconf 85' lang='lat' dir='ltr'><strong>praecepta</strong></span> <span class='ocrx_word' id='word_1_36' title='bbox 488 1160 527 1207; x_wconf 81' lang='lat' dir='ltr'><strong>cx</strong></span> <span class='ocrx_word' id='word_1_37' title='bbox 549 1140 690 1230; x_wconf 84' lang='lat' dir='ltr'><strong>ipsorum</strong></span> <span class='ocrx_word' id='word_1_38' title='bbox 712 1138 801 1219; x_wconf 76' lang='lat' dir='ltr'><strong>libris</strong></span> <span class='ocrx_word' id='word_1_39' title='bbox 831 1153 1017 1226; x_wconf 80' lang='lat' dir='ltr'><strong>cognoscat,</strong></span> <span class='ocrx_word' id='word_1_40' title='bbox 1042 1135 1099 1207; x_wconf 86' lang='lat' dir='ltr'><strong>sed</strong></span> <span class='ocrx_word' id='word_1_41' title='bbox 1118 1160 1240 1216; x_wconf 89' lang='lat' dir='ltr'><strong>ornnes,</strong></span> 
     </span>
     <span class='ocr_line' id='line_1_8' title="bbox 299 1251 1239 1346; baseline -0.003 -25"><span class='ocrx_word' id='word_1_42' title='bbox 299 1254 358 1343; x_wconf 83' lang='lat' dir='ltr'><strong>qui</strong></span> <span class='ocrx_word' id='word_1_43' title='bbox 390 1251 481 1344; x_wconf 81' lang='lat' dir='ltr'><strong>quod</strong></span> <span class='ocrx_word' id='word_1_44' title='bbox 510 1252 554 1323; x_wconf 84' lang='lat' dir='ltr'><strong>illi</strong></span> <span class='ocrx_word' id='word_1_45' title='bbox 587 1255 811 1346; x_wconf 71' lang='lat' dir='ltr'><strong>praecipiant,</strong></span> <span class='ocrx_word' id='word_1_46' title='bbox 848 1253 949 1333; x_wconf 78' lang='lat' dir='ltr'><strong>uelint</strong></span> <span class='ocrx_word' id='word_1_47' title='bbox 983 1251 1174 1340; x_wconf 69' lang='lat' dir='ltr'><strong>intelligam,</strong></span> <span class='ocrx_word' id='word_1_48' title='bbox 1196 1251 1239 1320; x_wconf 82' lang='lat' dir='ltr'><strong>ud</strong></span> 
     </span>
     <span class='ocr_line' id='line_1_9' title="bbox 297 1364 1238 1462; baseline -0.007 -23"><span class='ocrx_word' id='word_1_49' title='bbox 297 1368 407 1453; x_wconf 85' lang='lat' dir='ltr'><strong>hunc,</strong></span> <span class='ocrx_word' id='word_1_50' title='bbox 430 1368 519 1458; x_wconf 86' lang='lat' dir='ltr'><strong>quasi</strong></span> <span class='ocrx_word' id='word_1_51' title='bbox 537 1365 578 1436; x_wconf 86' lang='lat' dir='ltr'><strong>ad</strong></span> <span class='ocrx_word' id='word_1_52' title='bbox 603 1365 767 1461; x_wconf 86' lang='lat' dir='ltr'><strong>quondam</strong></span> <span class='ocrx_word' id='word_1_53' title='bbox 791 1365 1037 1462; x_wconf 77' lang='lat' dir='ltr'><strong>commodiorem</strong></span> <span class='ocrx_word' id='word_1_54' title='bbox 1061 1364 1238 1455; x_wconf 47' lang='lat' dir='ltr'><strong>explicato,-</strong></span> 
     </span>
     <span class='ocr_line' id='line_1_10' title="bbox 297 1483 1240 1579; baseline -0.012 -20"><span class='ocrx_word' id='word_1_55' title='bbox 297 1507 392 1573; x_wconf 57' lang='grc' dir='ltr'><strong>νοω,</strong></span> <span class='ocrx_word' id='word_1_56' title='bbox 413 1499 622 1557; x_wconf 68' lang='lat' dir='ltr'><strong>renuuntur</strong></span> <span class='ocrx_word' id='word_1_57' title='bbox 657 1486 770 1577; x_wconf 82' lang='lat' dir='ltr'><strong>Atque</strong></span> <span class='ocrx_word' id='word_1_58' title='bbox 787 1484 842 1553; x_wconf 90' lang='lat' dir='ltr'><strong>hic</strong></span> <span class='ocrx_word' id='word_1_59' title='bbox 864 1483 996 1575; x_wconf 86' lang='lat' dir='ltr'><strong>quidem</strong></span> <span class='ocrx_word' id='word_1_60' title='bbox 1014 1484 1102 1579; x_wconf 71' lang='lat' dir='ltr'><strong>ipse,</strong></span> <span class='ocrx_word' id='word_1_61' title='bbox 1124 1496 1157 1550; x_wconf 92' lang='lat' dir='ltr'><strong>et</strong></span> <span class='ocrx_word' id='word_1_62' title='bbox 1175 1496 1240 1548; x_wconf 82' lang='lat' dir='ltr'><strong>sere</strong></span> 
     </span>
     <span class='ocr_line' id='line_1_11' title="bbox 298 1588 1238 1692; baseline -0.006 -24"><span class='ocrx_word' id='word_1_63' title='bbox 298 1602 406 1691; x_wconf 86' lang='lat' dir='ltr'><strong>ipsum</strong></span> <span class='ocrx_word' id='word_1_64' title='bbox 429 1601 541 1689; x_wconf 86' lang='lat' dir='ltr'><strong>nobis,</strong></span> <span class='ocrx_word' id='word_1_65' title='bbox 563 1617 595 1673; x_wconf 83' lang='lat' dir='ltr'><strong>et</strong></span> <span class='ocrx_word' id='word_1_66' title='bbox 616 1624 690 1685; x_wconf 83' lang='lat' dir='ltr'><strong>eos,</strong></span> <span class='ocrx_word' id='word_1_67' title='bbox 712 1601 770 1692; x_wconf 85' lang='lat' dir='ltr'><strong>qui</strong></span> <span class='ocrx_word' id='word_1_68' title='bbox 793 1617 866 1669; x_wconf 87' lang='lat' dir='ltr'><strong>ante</strong></span> <span class='ocrx_word' id='word_1_69' title='bbox 885 1624 916 1668; x_wconf 88' lang='lat' dir='ltr'><strong>se</strong></span> <span class='ocrx_word' id='word_1_70' title='bbox 936 1588 1088 1691; x_wconf 68' lang='lat' dir='ltr'><strong>fuerant,</strong></span> <span class='ocrx_word' id='word_1_71' title='bbox 1112 1599 1147 1664; x_wconf 91' lang='lat' dir='ltr'><strong>in</strong></span> <span class='ocrx_word' id='word_1_72' title='bbox 1166 1620 1238 1664; x_wconf 92' lang='lat' dir='ltr'><strong>me-</strong></span> 
     </span>
     <span class='ocr_line' id='line_1_12' title="bbox 299 1714 1235 1807; baseline 0.001 -25"><span class='ocrx_word' id='word_1_73' title='bbox 299 1714 505 1807; x_wconf 73' lang='lat' dir='ltr'><strong>disposuit,</strong></span> <span class='ocrx_word' id='word_1_74' title='bbox 530 1732 621 1783; x_wconf 84' lang='lat' dir='ltr'><strong>utet</strong></span> <span class='ocrx_word' id='word_1_75' title='bbox 645 1733 762 1787; x_wconf 86' lang='lat' dir='ltr'><strong>ceteros</strong></span> <span class='ocrx_word' id='word_1_76' title='bbox 785 1733 869 1784; x_wconf 90' lang='lat' dir='ltr'><strong>etse</strong></span> <span class='ocrx_word' id='word_1_77' title='bbox 893 1718 1080 1807; x_wconf 85' lang='lat' dir='ltr'><strong>ipsumper</strong></span> <span class='ocrx_word' id='word_1_78' title='bbox 1112 1739 1145 1782; x_wconf 88' lang='lat' dir='ltr'><strong>se</strong></span> <span class='ocrx_word' id='word_1_79' title='bbox 1179 1737 1235 1783; x_wconf 88' lang='lat' dir='ltr'><strong>co·</strong></span> 
     </span>
     <span class='ocr_line' id='line_1_13' title="bbox 299 1829 625 1921; baseline -0.003 -23"><span class='ocrx_word' id='word_1_80' title='bbox 299 1832 541 1916; x_wconf 74' lang='lat' dir='ltr'><strong>gnosceremur”</strong></span> <span class='ocrx_word' id='word_1_81' title='bbox 565 1829 625 1921; x_wconf 85' lang='lat'><em>(1).</em></span> 
     </span>
    </p>

    <p class='ocr_par' dir='ltr' id='par_1_3' title="bbox 224 1943 1249 3547">
     <span class='ocr_line' id='line_1_14' title="bbox 343 1943 1239 2040; baseline -0.001 -26"><span class='ocrx_word' id='word_1_82' title='bbox 343 1946 459 2038; x_wconf 88' lang='lat' dir='ltr'><strong>Quum</strong></span> <span class='ocrx_word' id='word_1_83' title='bbox 481 1947 632 2035; x_wconf 80' lang='lat' dir='ltr'><strong>Cicero</strong></span> <span class='ocrx_word' id='word_1_84' title='bbox 653 1947 688 2013; x_wconf 90' lang='lat' dir='ltr'><strong>in</strong></span> <span class='ocrx_word' id='word_1_85' title='bbox 712 1944 800 2015; x_wconf 86' lang='lat' dir='ltr'><strong>libris</strong></span> <span class='ocrx_word' id='word_1_86' title='bbox 822 1943 864 2014; x_wconf 86' lang='lat' dir='ltr'><strong>de</strong></span> <span class='ocrx_word' id='word_1_87' title='bbox 886 1949 1021 2019; x_wconf 77' lang='lat' dir='ltr'><strong>Oratore</strong></span> <span class='ocrx_word' id='word_1_88' title='bbox 1038 1948 1087 2038; x_wconf 84' lang='lat'><strong>(2)</strong></span> <span class='ocrx_word' id='word_1_89' title='bbox 1105 1947 1239 2040; x_wconf 87' lang='lat' dir='ltr'><strong>optimos</strong></span> 
     </span>
     <span class='ocr_line' id='line_1_15' title="bbox 300 2058 1240 2155; baseline 0.002 -30"><span class='ocrx_word' id='word_1_90' title='bbox 300 2060 367 2147; x_wconf 82' lang='lat' dir='ltr'><strong>jam</strong></span> <span class='ocrx_word' id='word_1_91' title='bbox 388 2075 523 2131; x_wconf 77' lang='lat' dir='ltr'><strong>oratores</strong></span> <span class='ocrx_word' id='word_1_92' title='bbox 545 2058 632 2155; x_wconf 86' lang='lat' dir='ltr'><strong>apud</strong></span> <span class='ocrx_word' id='word_1_93' title='bbox 656 2062 793 2129; x_wconf 84' lang='lat' dir='ltr'><strong>Graecos</strong></span> <span class='ocrx_word' id='word_1_94' title='bbox 827 2085 901 2129; x_wconf 89' lang='lat' dir='ltr'><strong>cnm</strong></span> <span class='ocrx_word' id='word_1_95' title='bbox 930 2062 1080 2130; x_wconf 85' lang='lat' dir='ltr'><strong>Romanis</strong></span> <span class='ocrx_word' id='word_1_96' title='bbox 1108 2084 1240 2155; x_wconf 86' lang='lat' dir='ltr'><strong>compa·</strong></span> 
     </span>
     <span class='ocr_line' id='line_1_16' title="bbox 298 2166 1240 2269; baseline -0.004 -24"><span class='ocrx_word' id='word_1_97' title='bbox 298 2188 393 2245; x_wconf 84' lang='lat' dir='ltr'><strong>rasset</strong></span> <span class='ocrx_word' id='word_1_98' title='bbox 428 2197 603 2266; x_wconf 86' lang='lat' dir='ltr'><strong>eorumque</strong></span> <span class='ocrx_word' id='word_1_99' title='bbox 638 2166 801 2245; x_wconf 70' lang='lat' dir='ltr'><strong>diversam</strong></span> <span class='ocrx_word' id='word_1_100' title='bbox 813 2176 952 2244; x_wconf 89' lang='lat' dir='ltr'><strong>indolem</strong></span> <span class='ocrx_word' id='word_1_101' title='bbox 974 2178 1121 2269; x_wconf 77' lang='lat' dir='ltr'><strong>variaque</strong></span> <span class='ocrx_word' id='word_1_102' title='bbox 1140 2174 1240 2244; x_wconf 82' lang='lat' dir='ltr'><strong>studia</strong></span> 
     </span>
     <span class='ocr_line' id='line_1_17' title="bbox 299 2287 1242 2384; baseline 0.007 -31"><span class='ocrx_word' id='word_1_103' title='bbox 299 2288 435 2356; x_wconf 89' lang='lat' dir='ltr'><strong>strictim</strong></span> <span class='ocrx_word' id='word_1_104' title='bbox 465 2287 654 2374; x_wconf 77' lang='lat' dir='ltr'><strong>indicasset,</strong></span> <span class='ocrx_word' id='word_1_105' title='bbox 689 2293 792 2384; x_wconf 85' lang='lat' dir='ltr'><strong>operis</strong></span> <span class='ocrx_word' id='word_1_106' title='bbox 821 2290 862 2358; x_wconf 87' lang='lat' dir='ltr'><strong>de</strong></span> <span class='ocrx_word' id='word_1_107' title='bbox 892 2291 990 2361; x_wconf 82' lang='lat' dir='ltr'><strong>Clario</strong></span> <span class='ocrx_word' id='word_1_108' title='bbox 1035 2295 1242 2374; x_wconf 71' lang='lat' dir='ltr'><strong>Oratoribus,</strong></span> 
     </span>
     <span class='ocr_line' id='line_1_18' title="bbox 302 2406 1240 2499; baseline 0.006 -24"><span class='ocrx_word' id='word_1_109' title='bbox 302 2407 392 2495; x_wconf 87' lang='lat' dir='ltr'><strong>eujus</strong></span> <span class='ocrx_word' id='word_1_110' title='bbox 424 2406 649 2477; x_wconf 84' lang='lat' dir='ltr'><strong>conscribendi</strong></span> <span class='ocrx_word' id='word_1_111' title='bbox 679 2426 790 2478; x_wconf 89' lang='lat' dir='ltr'><strong>auctor</strong></span> <span class='ocrx_word' id='word_1_112' title='bbox 821 2412 849 2478; x_wconf 92' lang='lat' dir='ltr'><strong>ei</strong></span> <span class='ocrx_word' id='word_1_113' title='bbox 881 2413 1056 2483; x_wconf 85' lang='lat' dir='ltr'><strong>Atticus</strong></span> <span class='ocrx_word' id='word_1_114' title='bbox 1077 2413 1162 2499; x_wconf 83' lang='lat' dir='ltr'><strong>fuir,</strong></span> <span class='ocrx_word' id='word_1_115' title='bbox 1184 2440 1240 2481; x_wconf 89' lang='lat' dir='ltr'><strong>ar·</strong></span> 
     </span>
     <span class='ocr_line' id='line_1_19' title="bbox 303 2521 1241 2612; baseline 0.012 -25"><span class='ocrx_word' id='word_1_116' title='bbox 303 2534 490 2607; x_wconf 79' lang='lat' dir='ltr'><strong>gumentum</strong></span> <span class='ocrx_word' id='word_1_117' title='bbox 524 2521 692 2587; x_wconf 77' lang='lat' dir='ltr'><strong>arctissime</strong></span> <span class='ocrx_word' id='word_1_118' title='bbox 727 2526 938 2612; x_wconf 89' lang='lat' dir='ltr'><strong>conjunctum</strong></span> <span class='ocrx_word' id='word_1_119' title='bbox 965 2551 1029 2595; x_wconf 87' lang='lat' dir='ltr'><strong>esse</strong></span> <span class='ocrx_word' id='word_1_120' title='bbox 1050 2528 1147 2599; x_wconf 83' lang='lat' dir='ltr'><strong>voluit</strong></span> <span class='ocrx_word' id='word_1_121' title='bbox 1169 2555 1241 2598; x_wconf 89' lang='lat' dir='ltr'><strong>cum</strong></span> 
     </span>
     <span class='ocr_line' id='line_1_20' title="bbox 304 2634 1240 2738; baseline 0.011 -34"><span class='ocrx_word' id='word_1_122' title='bbox 304 2658 365 2718; x_wconf 88' lang='lat' dir='ltr'><strong>eo,</strong></span> <span class='ocrx_word' id='word_1_123' title='bbox 398 2634 487 2726; x_wconf 88' lang='lat' dir='ltr'><strong>quod</strong></span> <span class='ocrx_word' id='word_1_124' title='bbox 518 2636 551 2701; x_wconf 90' lang='lat' dir='ltr'><strong>in</strong></span> <span class='ocrx_word' id='word_1_125' title='bbox 573 2634 627 2702; x_wconf 91' lang='lat' dir='ltr'><strong>illo</strong></span> <span class='ocrx_word' id='word_1_126' title='bbox 656 2660 754 2728; x_wconf 88' lang='lat' dir='ltr'><strong>opere</strong></span> <span class='ocrx_word' id='word_1_127' title='bbox 775 2655 806 2705; x_wconf 92' lang='lat' dir='ltr'><strong>et</strong></span> <span class='ocrx_word' id='word_1_128' title='bbox 827 2640 862 2706; x_wconf 91' lang='lat' dir='ltr'><strong>in</strong></span> <span class='ocrx_word' id='word_1_129' title='bbox 883 2645 1017 2711; x_wconf 81' lang='lat' dir='ltr'><strong>Oratore</strong></span> <span class='ocrx_word' id='word_1_130' title='bbox 1041 2648 1101 2715; x_wconf 87' lang='lat' dir='ltr'><strong>sibi</strong></span> <span class='ocrx_word' id='word_1_131' title='bbox 1124 2650 1240 2738; x_wconf 79' lang='lat' dir='ltr'><strong>exqui-</strong></span> 
     </span>
     <span class='ocr_line' id='line_1_21' title="bbox 304 2745 1244 2854; baseline 0.015 -42"><span class='ocrx_word' id='word_1_132' title='bbox 304 2745 444 2845; x_wconf 82' lang='lat' dir='ltr'><strong>rendum</strong></span> <span class='ocrx_word' id='word_1_133' title='bbox 468 2766 696 2841; x_wconf 78' lang='lat' dir='ltr'><strong>proposuerat,</strong></span> <span class='ocrx_word' id='word_1_134' title='bbox 721 2770 857 2821; x_wconf 81' lang='lat' dir='ltr'><strong>oratores</strong></span> <span class='ocrx_word' id='word_1_135' title='bbox 880 2755 1078 2846; x_wconf 85' lang='lat' dir='ltr'><strong>dijudicare,</strong></span> <span class='ocrx_word' id='word_1_136' title='bbox 1112 2761 1244 2854; x_wconf 80' lang='lat' dir='ltr'><strong>quando</strong></span> 
     </span>
     <span class='ocr_line' id='line_1_22' title="bbox 307 2862 1241 2967; baseline 0.014 -37"><span class='ocrx_word' id='word_1_137' title='bbox 307 2886 371 2931; x_wconf 88' lang='lat' dir='ltr'><strong>esse</strong></span> <span class='ocrx_word' id='word_1_138' title='bbox 397 2862 592 2958; x_wconf 88' lang='lat' dir='ltr'><strong>coepissent,</strong></span> <span class='ocrx_word' id='word_1_139' title='bbox 616 2870 673 2957; x_wconf 87' lang='lat' dir='ltr'><strong>qui</strong></span> <span class='ocrx_word' id='word_1_140' title='bbox 695 2872 788 2937; x_wconf 86' lang='lat' dir='ltr'><strong>etiam</strong></span> <span class='ocrx_word' id='word_1_141' title='bbox 808 2890 840 2941; x_wconf 90' lang='lat' dir='ltr'><strong>et</strong></span> <span class='ocrx_word' id='word_1_142' title='bbox 865 2873 971 2967; x_wconf 85' lang='lat' dir='ltr'><strong>quales</strong></span> <span class='ocrx_word' id='word_1_143' title='bbox 990 2876 1145 2963; x_wconf 82' lang='lat' dir='ltr'><strong>fuissent3</strong></span> <span class='ocrx_word' id='word_1_144' title='bbox 1170 2905 1241 2947; x_wconf 88' lang='lat' dir='ltr'><strong>me-</strong></span> 
     </span>
     <span class='ocr_line' id='line_1_23' title="bbox 224 2966 1247 3086; baseline 0.01 -39"><span class='ocrx_word' id='word_1_145' title='bbox 224 3078 232 3086; x_wconf 30' lang='grc'><em>·</em></span> <span class='ocrx_word' id='word_1_146' title='bbox 310 2977 431 3051; x_wconf 88' lang='lat' dir='ltr'><strong>diocres</strong></span> <span class='ocrx_word' id='word_1_147' title='bbox 462 2984 548 3051; x_wconf 90' lang='lat' dir='ltr'><strong>enim</strong></span> <span class='ocrx_word' id='word_1_148' title='bbox 582 3009 648 3051; x_wconf 91' lang='lat' dir='ltr'><strong>non</strong></span> <span class='ocrx_word' id='word_1_149' title='bbox 677 2989 782 3055; x_wconf 89' lang='lat' dir='ltr'><strong>minus</strong></span> <span class='ocrx_word' id='word_1_150' title='bbox 816 3013 912 3080; x_wconf 86' lang='lat' dir='ltr'><strong>quam</strong></span> <span class='ocrx_word' id='word_1_151' title='bbox 950 2996 1086 3083; x_wconf 80' lang='lat' dir='ltr'><strong>optimos</strong></span> <span class='ocrx_word' id='word_1_152' title='bbox 1114 2966 1247 3068; x_wconf 51' lang='lat' dir='ltr'><strong>oratores</strong></span> 
     </span>
     <span class='ocr_line' id='line_1_24' title="bbox 311 3101 1244 3202; baseline 0.015 -40"><span class='ocrx_word' id='word_1_153' title='bbox 311 3119 434 3183; x_wconf 86' lang='lat' dir='ltr'><strong>summo</strong></span> <span class='ocrx_word' id='word_1_154' title='bbox 455 3101 600 3167; x_wconf 83' lang='lat' dir='ltr'><strong>acumine</strong></span> <span class='ocrx_word' id='word_1_155' title='bbox 620 3123 807 3188; x_wconf 79' lang='lat' dir='ltr'><strong>recensens,</strong></span> <span class='ocrx_word' id='word_1_156' title='bbox 830 3103 958 3173; x_wconf 86' lang='lat' dir='ltr'><strong>dicendi</strong></span> <span class='ocrx_word' id='word_1_157' title='bbox 980 3127 1148 3202; x_wconf 77' lang='lat' dir='ltr'><strong>praecepta</strong></span> <span class='ocrx_word' id='word_1_158' title='bbox 1172 3139 1244 3199; x_wconf 86' lang='lat' dir='ltr'><strong>cum</strong></span> 
     </span>
     <span class='ocr_line' id='line_1_25' title="bbox 309 3209 1247 3315; baseline 0.018 -41"><span class='ocrx_word' id='word_1_159' title='bbox 309 3209 370 3279; x_wconf 85' lang='lat' dir='ltr'><strong>hac</strong></span> <span class='ocrx_word' id='word_1_160' title='bbox 404 3229 563 3278; x_wconf 83' lang='lat' dir='ltr'><strong>oratorum</strong></span> <span class='ocrx_word' id='word_1_161' title='bbox 593 3218 826 3285; x_wconf 84' lang='lat' dir='ltr'><strong>enumeratione</strong></span> <span class='ocrx_word' id='word_1_162' title='bbox 858 3225 1074 3315; x_wconf 77' lang='lat' dir='ltr'><strong>conjungens,</strong></span> <span class='ocrx_word' id='word_1_163' title='bbox 1103 3228 1186 3296; x_wconf 80' lang='lat' dir='ltr'><strong>viam</strong></span> <span class='ocrx_word' id='word_1_164' title='bbox 1206 3229 1247 3296; x_wconf 76' lang='lat' dir='ltr'><strong>ad</strong></span> 
     </span>
     <span class='ocr_line' id='line_1_26' title="bbox 308 3321 1249 3429; baseline 0.03 -42"><span class='ocrx_word' id='word_1_165' title='bbox 308 3321 494 3424; x_wconf 66' lang='lat' dir='ltr'><strong>perfectum</strong></span> <span class='ocrx_word' id='word_1_166' title='bbox 519 3344 672 3397; x_wconf 83' lang='lat' dir='ltr'><strong>oratorem</strong></span> <span class='ocrx_word' id='word_1_167' title='bbox 692 3333 725 3415; x_wconf 86' lang='lat' dir='ltr'><strong>in</strong></span> <span class='ocrx_word' id='word_1_168' title='bbox 751 3357 807 3402; x_wconf 91' lang='lat' dir='ltr'><strong>suo</strong></span> <span class='ocrx_word' id='word_1_169' title='bbox 833 3340 967 3406; x_wconf 80' lang='lat' dir='ltr'><strong>Oratore</strong></span> <span class='ocrx_word' id='word_1_170' title='bbox 988 3339 1249 3429; x_wconf 80' lang='lat' dir='ltr'><strong>fingendumhoc</strong></span> 
     </span>
     <span class='ocr_line' id='line_1_27' title="bbox 311 3441 1248 3547; baseline 0.027 -43"><span class='ocrx_word' id='word_1_171' title='bbox 311 3461 406 3527; x_wconf 89' lang='lat' dir='ltr'><strong>opere</strong></span> <span class='ocrx_word' id='word_1_172' title='bbox 430 3441 487 3508; x_wconf 90' lang='lat' dir='ltr'><strong>sibi</strong></span> <span class='ocrx_word' id='word_1_173' title='bbox 510 3446 641 3514; x_wconf 82' lang='lat' dir='ltr'><strong>stravit:</strong></span> <span class='ocrx_word' id='word_1_174' title='bbox 696 3498 718 3533; x_wconf 90' lang='lat'>„</span> <span class='ocrx_word' id='word_1_175' title='bbox 731 3442 845 3539; x_wconf 83' lang='lat' dir='ltr'><strong>Quum</strong></span> <span class='ocrx_word' id='word_1_176' title='bbox 870 3453 1164 3544; x_wconf 87' lang='lat' dir='ltr'><strong>Aristoteles,”</strong></span> <span class='ocrx_word' id='word_1_177' title='bbox 1185 3464 1248 3547; x_wconf 85' lang='lat' dir='ltr'><strong>sit,</strong></span> 
     </span>
    </p>
   </div>
   <div class='ocr_carea' id='block_1_3' title="bbox 307 3694 1248 3821">
    <p class='ocr_par' dir='ltr' id='par_1_4' title="bbox 307 3694 1248 3821">
     <span class='ocr_line' id='line_1_28' title="bbox 307 3694 1248 3821; baseline 0.018 -24"><span class='ocrx_word' id='word_1_178' title='bbox 307 3699 314 3819; x_wconf 37' lang='grc' dir='ltr'>ἶ</span> <span class='ocrx_word' id='word_1_179' title='bbox 354 3732 394 3808; x_wconf 71' lang='grc' dir='ltr'><strong>(Ι)</strong></span> <span class='ocrx_word' id='word_1_180' title='bbox 417 3732 452 3795; x_wconf 70' lang='lat' dir='ltr'><strong>de</strong></span> <span class='ocrx_word' id='word_1_181' title='bbox 491 3694 549 3795; x_wconf 60' lang='lat' dir='ltr'><strong>lov»</strong></span> <span class='ocrx_word' id='word_1_182' title='bbox 586 3737 620 3804; x_wconf 83' lang='lat' dir='ltr'><strong>ll,</strong></span> <span class='ocrx_word' id='word_1_183' title='bbox 657 3737 689 3798; x_wconf 68' lang='lat'><strong>2·</strong></span> <span class='ocrx_word' id='word_1_184' title='bbox 723 3739 769 3803; x_wconf 83' lang='lat' dir='ltr'><strong>Cf.</strong></span> <span class='ocrx_word' id='word_1_185' title='bbox 810 3743 879 3806; x_wconf 84' lang='lat' dir='ltr'><strong>cic.</strong></span> <span class='ocrx_word' id='word_1_186' title='bbox 913 3748 1012 3817; x_wconf 84' lang='lat' dir='ltr'><strong>Brut.</strong></span> <span class='ocrx_word' id='word_1_187' title='bbox 1043 3772 1070 3814; x_wconf 89' lang='lat' dir='ltr'><strong>c.</strong></span> <span class='ocrx_word' id='word_1_188' title='bbox 1095 3752 1132 3821; x_wconf 77' lang='lat'><strong>12</strong></span> <span class='ocrx_word' id='word_1_189' title='bbox 1160 3755 1248 3817; x_wconf 82' lang='lat' dir='ltr'><strong>etde</strong></span> 
     </span>
    </p>
   </div>
   <div class='ocr_carea' id='block_1_4' title="bbox 310 3835 1246 4024">
    <p class='ocr_par' dir='ltr' id='par_1_5' title="bbox 310 3835 1246 4024">
     <span class='ocr_line' id='line_1_29' title="bbox 310 3835 1246 4007; baseline -0.004 -79"><span class='ocrx_word' id='word_1_190' title='bbox 310 3835 393 4007; x_wconf 49' lang='lat'><strong>3¹³3</strong></span> <span class='ocrx_word' id='word_1_191' title='bbox 417 3841 452 3917; x_wconf 71' lang='lat'><strong>¹¹2</strong></span> <span class='ocrx_word' id='word_1_192' title='bbox 483 3841 534 3921; x_wconf 70' lang='lat'><strong>³⁸&gt;</strong></span> <span class='ocrx_word' id='word_1_193' title='bbox 561 3845 631 3927; x_wconf 74' lang='lat' dir='ltr'><strong>rrsp.</strong></span> <span class='ocrx_word' id='word_1_194' title='bbox 654 3868 684 3910; x_wconf 72' lang='lat'><strong>¹1·</strong></span> <span class='ocrx_word' id='word_1_195' title='bbox 714 3871 742 3929; x_wconf 86' lang='lat' dir='ltr'><strong>r·</strong></span> <span class='ocrx_word' id='word_1_196' title='bbox 775 3853 825 3921; x_wconf 65' lang='lat'><strong>26,</strong></span> <span class='ocrx_word' id='word_1_197' title='bbox 854 3855 905 3914; x_wconf 67' lang='lat'><strong>27.</strong></span> <span class='ocrx_word' id='word_1_198' title='bbox 951 3859 990 3936; x_wconf 75' lang='lat' dir='ltr'><strong>(s)</strong></span> <span class='ocrx_word' id='word_1_199' title='bbox 1016 3860 1246 3942; x_wconf 77' lang='lat' dir='ltr'><strong>11,2a,os,ru,</strong></span> 
     </span>
     <span class='ocr_line' id='line_1_30' title="bbox 331 3990 401 4024; baseline 0 -14"><span class='ocrx_word' id='word_1_200' title='bbox 331 3990 341 4024; x_wconf 90' lang='lat'><strong>,</strong></span> <span class='ocrx_word' id='word_1_201' title='bbox 393 3990 401 4010; x_wconf 91' lang='lat'><strong>.</strong></span> 
     </span>
    </p>
   </div>
   <div class='ocr_carea' id='block_1_5' title="bbox 0 0 1454 4896">
    <p class='ocr_par' dir='ltr' id='par_1_6' title="bbox 0 0 1454 4896">
     <span class='ocr_line' id='line_1_31' title="bbox 0 0 1454 4896; baseline 0 0"><span class='ocrx_word' id='word_1_202' title='bbox 0 0 1454 4896; x_wconf 95' lang='lat' dir='ltr'><strong> </strong></span> 
     </span>
    </p>
   </div>
  </div>
 </body>
</html>
