2894 4896
634 352 675 421 73

169 549 310 612 ¹zano
344 539 479 631 quidem
497 538 579 622 ille,
611 565 629 604 a
662 560 740 628 quo
762 534 926 628 disciplina
945 537 1126 614 Stoicorum

193 673 261 741 est,
281 658 393 723 minu
426 653 641 722 demonstrare
671 652 814 737 solebat,
848 652 928 742 quid
958 656 1042 721 inter
1070 655 1127 722 has

192 789 275 841 artes
294 773 467 840 interesset.
511 771 596 838 Nam
617 792 708 837 -cum
742 786 965 859 compresserat
992 767 1127 856 digitos,

191 884 572 977 pugnumquessiecerat,
608 882 804 952 dialecticam
834 886 938 971 ajebat
973 885 1128 973 ejusmodi

192 1023 277 1067 esse:
310 1023 414 1090 quum
434 1015 539 1066 autem
553 996 743 1083 diduxerat,
765 1016 797 1065 et
815 1023 948 1067 manum
969 998 1132 1086 dilatarat,

192 1112 313 1206 palmae
353 1111 432 1179 illius
475 1113 608 1181 similem
649 1113 862 1205 eloquentiam
900 1139 964 1182 esse
995 1114 1130 1184 dicebat.

191 1230 429 1319 Atqueetiaua
458 1245 531 1296 ante
560 1228 650 1296 huno
672 1229 942 1299 Aristoteles
968 1233 1131 1322 principio

191 1347 268 1412 artis
301 1343 476 1412 rhetoricae
499 1343 603 1428 dicit,
624 1343 710 1411 illam
737 1362 838 1412 artem
860 1348 947 1437 quasi
977 1371 1016 1414 ex
1038 1347 1132 1416 altera

191 1477 282 1551 parte
302 1458 719 1553 responderediale'cticaea
742 1477 779 1526 ut
799 1460 863 1527 hoc
880 1459 1026 1529 videlicet
1034 1460 1132 1530 diffe-

195 1593 268 1643 rant
299 1578 399 1643 inter·
415 1574 472 1659 se',
505 1572 594 1664 quod
614 1574 692 1640 hacc
716 1576 796 1642 ratio
816 1570 946 1642 dicendi
964 1575 1054 1644 latior
1074 1579 1132 1660 sit,
1174 1569 1175 1572 ¹

194 1656 244 1759 illa
263 1687 417 1782 loquendi
429 1690 668 1757 „contractior”
690 1688 738 1779 (l)
756 1689 906 1762 Eandem
923 1695 1133 1781 sententiam,

196 1833 279 1900 quae
311 1805 447 1874 mirifice
465 1806 658 1873 Ciceroni
691 1805 873 1897 placebat,
893 1804 1001 1875 retulit
1023 1807 1135 1879 iisdem

198 1948 299 2020 paene
330 1925 433 1992 verbis
464 1925 499 1990 in
532 1923 618 1990 libris
641 1921 682 1989 de
713 1924 845 1990 Finibus
865 1923 934 2011 (2),
957 1927 991 1990 in
1014 1930 1135 1994 Orato-

200 2043 254 2107 riis
284 2041 510 2108 Partitionibus
533 2040 607 2131 (3),
629 2042 664 2106 in
688 2044 823 2107 Bruto
845 2038 916 2130 (4),
938 2043 995 2108 ubi
1014 2041 1134 2113 dialec-

201 2160 294 2223 ticam
319 2181 336 2220 a
360 2180 392 2222 se
431 2179 560 2247 quoque
587 2152 810 2222 studiosissime
839 2158 976 2224 exerceri
998 2157 1137 2245 profite-

201 2289 285 2339 tur..
323 2270 572 2356 ,‚Adhibcbant
620 2272 753 2354 enim,''
800 2287 835 2337 ut
867 2271 1059 2345 Heusdii,
1089 2273 1139 2364 (5)

201 2389 305 2456 verbis
334 2403 427 2471 utar,
461 2403 633 2472 „oratores
670 2385 887 2471 dialecticam,
930 2411 997 2480 quo
1024 2390 1138 2476 magis

204 2503 397 2568 seutentiam.
415 2526 505 2568 suam
538 2502 657 2569 civibus
680 2502 934 2594 ,persuaderenta
959 2503 1142 2594 philosophi
1228 2510 1230 2515 ’

202 2636 331 2703 autem,
352 2642 426 2686 cum
448 2615 528 2682 nihil
549 2617 583 2682 in
604 2616 780 2685 civitatibus
802 2615 860 2681 illis
883 2615 1064 2705 eloquentiis
1077 2616 1139 2681 ha-

134 2772 139 2783 ·
203 2734 453 2816 bereturmajus
474 2745 507 2795 et
527 2729 695 2814 illustrius,
718 2746 765 2794 et:
774 2725 885 2817 juvare
905 2747 1041 2798 oratores
1065 2747 1138 2796 stu-

204 2841 348 2925 debant,
371 2856 408 2906 ut
429 2842 464 2904 in
485 2856 585 2905 tantae
608 2841 721 2924 gloriae
742 2843 918 2910 societatem
938 2845 1142 2934 pervenirent

205 2952 464 3048 quodammodo,
498 2970 530 3019 et
561 2955 624 3042 ipsi
648 2952 818 3019 scribendo
844 2953 1047 3046 dicendoque
1069 2983 1143 3026 cum

202 3070 262 3138 illis
283 3068 540 3160 deeloqaentiae
565 3066 675 3159 palma
691 3068 924 3135 concertabant.
956 3071 1140 3138 ›Verumta-

203 3209 280 3255 men
300 3184 427 3252 ,factum
448 3185 490 3248 ita
511 3181 683 3264 simulat,
713 3197 750 3247 ut
771 3198 857 3251 tanto
880 3182 1054 3273 splendore,
1069 3187 1139 3255 elus

205 3316 310 3370 centes
334 3299 392 3366 hae
416 3314 494 3365 artes
504 3296 1000 3390 ohscuraaentplanesimplioem
1008 3303 1144 3375 veritatis

248 3531 289 3607 (l)
311 3529 387 3589 Orat.
418 3548 445 3588 c.
469 3529 519 3588 52.
566 3530 605 3606 (⁹2)
639 3531 675 3606 ll,
703 3531 733 3590 6.
758 3530 812 3591 Cff.
835 3532 884 3609 lV,
909 3533 941 3592 4.
969 3534 1059 3596 head.
1073 3538 1097 3611 l,
1112 3536 1143 3612 8,

208 3641 280 3720 disp.
309 3659 340 3700 n.
363 3658 392 3718 p.
422 3639 468 3717 55,
485 3651 514 3700 et
530 3639 582 3700 et.
628 3640 666 3716 (ὅ)
689 3659 716 3701 c.
740 3642 791 3725 to.
805 3643 836 3701 ln
850 3644 1145 3722 quooperessioeao

206 3746 394 3824 eloquentiaev
419 3758 448 3806 et
471 3746 630 3808 dialectices
654 3750 846 3827 cognationem
876 3753 987 3829 egregie
1005 3753 1142 3830 exposuit.

210 3854 251 3937 (d)
273 3872 299 3912 c.
328 3853 382 3913 90.
417 3854 464 3931 (5)
495 3855 557 3916 lnit.
584 3854 621 3930 ll,
646 3855 682 3932 ll,
709 3876 739 3933 p.
771 3856 821 3916 92.
846 3855 892 3918 Cf.
917 3858 1027 3921 Arist.
1046 3858 1147 3923 vProhl.

209 3972 281 4023 scot.
311 3960 360 4038 18,
389 3962 411 4043 p
436 3964 467 4023 ὃ.
