2930 4812
809 421 848 486 10

358 603 442 691 vulgi
477 627 570 671 usum
598 603 774 694 conscripta
807 601 901 673 tuiue
921 616 1073 694 monent,
1104 616 1136 667 et
1166 616 1290 670 utrun-

356 743 420 809 que
457 717 694 789 distinctionem
740 717 1017 785 Themistius
1054 715 1103 803 (1)
1159 742 1290 809 quoquo

353 851 387 903 et
411 834 686 924 Lueianusi2),
709 833 763 901 hie
786 830 916 923 quidem
937 830 1045 899 leviter
1065 847 1201 916 tantum,
1233 850 1285 898 at·

354 951 492 1036 tingunt.

395 1065 446 1131 Ex
468 1063 737 1133 Aristotelis
761 1064 952 1154 scriptorum
975 1065 1284 1146 commentatoribus,

352 1203 490 1273 quorum
511 1180 697 1273 praecipuos
716 1183 785 1269 jam
805 1178 948 1261 laudavi,
975 1180 1181 1271 praetermitti
1206 1204 1285 1271 pos·

351 1312 427 1364 sunt
445 1312 553 1364 auctor
582 1296 805 1387 Paraphraseos
827 1294 875 1382 (3)
906 1294 946 1361 ad
978 1296 1158 1363 Nicoma
1174 1294 1283 1362 ohea

351 1432 384 1483 et
406 1406 625 1482 Eustratii
645 1413 693 1500 (4)
715 1412 855 1481 loeasihi
881 1413 1099 1504 repugnantia.
1133 1414 1283 1479 Ceterum

352 1529 393 1597 de
417 1530 506 1597 vanis
526 1528 575 1595 his
599 1528 801 1612 testimoniis,
835 1552 936 1617 quae,
973 1551 1015 1607 ne
1044 1530 1084 1594 ab
1107 1528 1284 1615 argumenti

350 1646 448 1713 nostri
478 1642 598 1710 finibus
630 1645 723 1710 nimis
752 1643 954 1727 recedamus,
988 1645 1125 1712 strictim
1160 1660 1282 1713 tantum

351 1762 526 1849 attigimus,
547 1762 604 1852 qui
624 1760 716 1851 plura
732 1783 862 1828 noscere
885 1762 1041 1853 cupiunt,
1055 1762 1089 1827 iis
1116 1784 1292 1829 sommen-¹

350 1878 393 1946 do
422 1878 608 1970 exquisitam
647 1876 688 1946 de
717 1879 781 1945 hoc
815 1893 998 1964 argumento
1031 1878 1209 1946 Stahrii
1233 1878 1281 1965 (5)

348 1994 608 2086 disquisitionem.

393 2112 456 2177 Has
479 2111 664 2203 opiniones,
694 2110 812 2201 partim
845 2132 883 2175 ex
908 2110 981 2202 ipsis
1005 2108 1282 2178 Aristotelis

347 2226 494 2318 seriptis,
527 2227 644 2315 partim
675 2247 713 2292 ex
738 2227 949 2293 recentiorum
984 2224 1279 2319 disquisitionibus,

346 2342 394 2409 vel
405 2342 560 2424 refutare,
573 2340 621 2408 vel
643 2341 725 2409 inter
749 2365 782 2411 se
802 2343 986 2428 conciliare,
1010 2341 1132 2411 studuit
1150 2341 1277 2410 Stah-

343 2459 452 2535 rius,
471 2458 561 2543 eujus
579 2454 798 2546 disputationis
819 2483 940 2529 summa
959 2462 1037 2528 haee
1057 2482 1121 2525 esse
1142 2458 1277 2528 videtur.

388 2572 556 2661 Nusquam,
574 2571 608 2638 in
632 2572 739 2639 Aris
753 2574 914 2642 tutelis
942 2576 1068 2665 scriptis
1089 2574 1276 2668 appellatio-

345 2717 421 2760 nem
457 2693 555 2781 λόγους
580 2695 761 2785 §compassio
791 2697 841 2786 (6)
884 2700 1079 2788 reperimus}
1119 2698 1277 2790 ἐξωτερικαὶ

335 3029 434 3088 ,iaudat
448 3030 523 3091 Gai.
538 3033 576 3095 ds
595 3033 650 3094 iae.
668 3046 727 3098 nat.
744 3037 766 3104 t,
782 3056 813 3115 p.
826 3036 878 3106 80.
893 3041 971 3098 Bas.
1016 3043 1059 3121 (1)
1078 3040 1157 3100 Orat.
1172 3041 1274 3118 XXVI,

339 3155 373 3214 ps
388 3137 459 3196 319.
504 3140 538 3200 B.
565 3160 627 3220 sqq.
653 3142 707 3203 Ed.
731 3143 839 3209 Hand.
871 3144 915 3203 Gi.
948 3145 1053 3222 Wyu.
1083 3144 1181 3209 Praee.
1200 3147 1274 3209 Phil.

338 3244 408 3323 hog.
427 3267 456 3324 p.
482 3249 534 3309 97.
577 3252 618 3329 (λ)
649 3252 793 3313 Viuauet.
824 3251 860 3310 V.
887 3251 910 3311 Ι.
934 3252 1126 3330 pssunt.
1152 3257 1273 3319 Reios.

331 3350 427 3422 ’Ἄλλος
443 3360 490 3435 pta
508 3361 644 3422 ὀἴκτοθσν
663 3365 830 3440 φαινόμενος,
857 3360 935 3429 ἄλλος
955 3365 986 3423 di
1003 3365 1133 3426 ὃέντοθιν
1152 3367 1218 3428 εἶναι
1230 3372 1275 3429 da·

337 3472 396 3531 κεῖ,
436 3466 520 3532 deuia
540 3475 602 3549 πρίῃ
623 3468 721 3537 αὐτὸν,
751 3472 887 3545 μέμνησο,
909 3471 954 3530 ris
973 3495 1019 3550 pu
1036 3477 1210 3552 ἱσωτιρικλν,
1227 3477 1275 3536 ‚riv

338 3569 534 3649 δὶᾶξωτεραὸν
554 3570 1275 3650 muu.(o)tudr.1ttrod.l>u.ssth.ad

337 3671 454 3751 ttius,
480 3677 529 3752 tt,
552 3675 630 3757 §.u
674 3680 713 3757 (d)
737 3681 774 3741 ad
800 3682 915 3746 Arist.
936 3686 1002 3748 mh.
1023 3689 1059 3749 ad
1077 3690 1153 3751 uie.
1176 3692 1199 3767 l,
1223 3692 1272 3767 to,

337 3788 423 3871 §.u
450 3804 479 3850 et
503 3790 565 3857 Vt,
594 3792 625 3868 d,
656 3792 936 3875 pereunte,
974 3800 1011 3860 0.
1037 3801 1058 3859 Ι.
1091 3822 1121 3880 p.
1150 3802 1219 3862 tut.
1244 3817 1275 3862 et

338 3901 440 3973 Zali,
463 3897 572 3958 Comm.
590 3920 620 3979 p.
642 3902 714 3966 208.
760 3908 800 3984 (Β)
829 3907 966 3969 Arist.
989 3909 1023 3975 11,
1045 3926 1076 3987 p.
1099 3909 1271 3971 stt-sus.

336 4010 376 4084 (6)
407 4007 495 4067 Notae
530 4015 684 4095 ἑσωτερικῶν
705 4022 788 4097 λόγων
822 4036 886 4077 usus
913 4036 969 4076 non
998 4017 1049 4077 nisi
1086 4016 1207 4082 serioris
1219 4020 1273 4080 ori-
