2930 4812
663 435 704 500 55

210 617 352 708 periculo
384 616 489 701 idem,
525 614 613 707 qnod
645 613 845 684 Antonine
879 615 954 703 (1),
984 612 1144 704 judicium

208 736 297 805 tulit:
321 738 405 822 „Ex
426 731 688 803 commentariolis
711 734 824 801 nostris
848 732 994 802 inchoata
1008 731 1145 826 aeradig
1193 815 1198 826 ι

209 851 420 921 exciderant”
456 851 516 941 (2).
560 850 909 938 Magisexereitatioais
933 873 1022 919 carna
1049 862 1147 940 qnam

210 966 329 1034 edendi
350 965 479 1035 consilio
499 966 756 1048 Ciceronem,
781 964 1026 1057 tamhocopns,
1048 988 1145 1056 qnam

213 1083 337 1174 Topica
368 1096 400 1149 et
421 1081 581 1147 Orator-ias
611 1081 816 1165 Partitiones,
838 1081 1056 1174 conscripsisse
1069 1131 1080 1164 ,
1093 1087 1145 1148 'er

208 1199 341 1286 jejuna,
363 1219 461 1288 quam
483 1195 637 1281 referunt,
654 1197 775 1264 radone
787 1198 921 1266 maxime
930 1212 1083 1287 apparet,
1108 1213 1145 1263 nt

213 1310 413 1397 enavimtem,
438 1336 502 1403 qua
527 1328 628 1380 cetera
649 1314 717 1401 ejas
739 1315 857 1406 scripta
869 1314 1144 1403 commomlere,

214 1427 308 1520 piane
321 1425 558 1512 desideremna3
590 1426 773 1494 dominatur
792 1427 871 1497 adeo
890 1430 926 1495 in
946 1428 1010 1498 hoe
1031 1452 1147 1521 opere,

217 1542 306 1633 qnod
334 1543 447 1610 ultimo
480 1542 550 1610 loco
573 1540 734 1627 indicari,
767 1545 803 1609 in
825 1566 892 1635 qno
908 1545 1147 1633 magistripcrp

216 1680 326 1727 sonam
354 1660 504 1727 Cicero
532 1673 660 1740 tuetur,
685 1658 766 1725 ratio
786 1658 1023 1727 Aristotelis
1043 1656 1147 1727 iihm-

218 1805 293 1850 rum
322 1783 520 1871 ἀκροατικῶν,
545 1803 626 1869 qaae
643 1778 868 1868 elegantiorum
876 1782 1004 1849 auribus
1014 1778 1148 1852 urinime

219 1897 326 1964 servit.

262 2012 436 2079 Librorum
459 2010 501 2078 de
520 2011 707 2080 inventione
726 2009 793 2078 duo
817 2024 965 2094 rantum,
986 2011 1022 2077 in
1036 2011 1153 2101 quibus

222 2125 362 2217 priorem
389 2123 566 2196 dialecticae
580 2142 716 2219 'partem
746 2131 965 2193 intimationem
988 2127 1153 2217 exposuit.

222 2255 355 2307 aetatem
383 2239 547 2323 odernam
584 2241 769 2332 posteriores
794 2256 899 2306 autem
927 2237 1015 2324 duo,
1039 2241 1157 2329 quibas

222 2353 352 2421 aiteram
377 2370 502 2448 partem
517 2354 704 2442 judicanda·
717 2354 897 2448 complexas
918 2372 1007 2440 erat,
1032 2379 1098 2424 non
1121 2372 1158 2427 ut

222 2470 342 2560 priores
359 2468 456 2556 editi,
478 2467 592 2556 sedlin
605 2472 854 2558 commentariis,
879 2469 1064 2556 utvidetnr,
1084 2494 1156 2539 ser-

223 2586 305 2669 rati,
326 2587 515 2677 periemnt3
540 2586 599 2653 hos
616 2602 721 2656 antem
743 2585 842 2654 libros
862 2602 981 2654 veteres
1004 2602 1157 2679 typogra-

224 2697 286 2787 phi
304 2703 365 2766 sub
393 2701 591 2768 Rtetmem
615 2700 746 2771 Veten's
767 2701 858 2770 titnio
881 2700 1068 2787 ediderant,
1090 2718 1161 2768 ata

225 2809 315 2877 libris
342 2811 382 2876 ad
415 2815 679 2882 Herennium
716 2817 785 2905 (3),
823 2819 940 2906 quibus
963 2817 1161 2885 Rhetoricae

227 2924 343 2995 Novae
369 2948 486 2993 nomen
517 2927 754 3015 imposuerant,
790 2929 1078 3018 distinguerentur3
1110 2935 1162 2999 cui

271 3152 370 3230 (nde
405 3151 484 3214 Orat.
522 3155 546 3233 t,
588 3154 629 3216 21
651 3170 680 3217 et
702 3156 755 3219 rt.
792 3159 845 3221 Gt,
871 3161 1021 3233 Quincr.
1053 3164 1100 3231 111,
1132 3167 1161 3242 Ι,

230 3278 262 3339 p.
287 3258 349 3318 218
368 3259 487 3321 Burm.
512 3261 586 3322 Edit.
633 3263 672 3341 (2)
694 3265 730 3325 de
752 3264 832 3348 Orat.
854 3269 877 3345 1,
900 3269 932 3330 9.
976 3270 1165 3334 Dehisiibris

230 3369 381 3440 Quinot.
415 3370 437 3429 Ι.
473 3368 510 3430 0.
538 3370 588 3447 ΙΙΙ,
615 3369 646 3449 6,
670 3373 724 3435 hoc
742 3376 878 3456 judiciam
906 3379 991 3442 tulit:
1029 3395 1059 3443 ut
1087 3383 1165 3445 velut

128 3524 133 3535 ,
231 3489 357 3558 regestae
391 3479 445 3540 sint
468 3478 565 3541 inhos
585 3488 817 3557 commentarios,
840 3509 909 3569 qaas
930 3492 1093 3555 adolescens
1115 3494 1165 3554 de-

232 3580 370 3660 duxerat,
407 3585 531 3647 scholae.
575 3587 616 3666 ᾤ)
637 3588 754 3653 Constat
786 3595 870 3656 hodie
902 3597 974 3658 inter
999 3596 1164 3677 interpretes

232 3693 286 3756 lior
314 3712 387 3775 opus
405 3716 462 3757 non
485 3716 547 3761 esse
575 3699 794 3791 Ciceronis,
817 3706 867 3766 ceti
893 3708 1035 3789 conedam
1060 3725 1166 3786 aequa-

233 3806 451 3889 iiosoriptoris,
488 3813 546 3874 eise
575 3813 797 3876 Cornificii
834 3819 973 3896 junioris,
1006 3831 1035 3878 ut
1071 3817 1106 3878 G.
1138 3819 1163 3878 J.

236 3916 387 3989 Vossio,
416 3922 451 3984 de
480 3924 545 3984 Nat.
568 3937 597 3985 et
620 3925 717 3988 Const.
743 3926 826 3988 Rhet.
843 3948 869 3989 c.
891 3931 1075 4008 dividetur,
1092 3931 1164 4006 sire,

238 4038 268 4087 at
309 4026 510 4092 Schatsias
539 4049 658 4112 censet,
695 4032 734 4098 ΙΙΙ.
761 4037 912 4099 Antonii
940 4034 1167 4119 Gniphonic,
