2930 4812
667 392 716 460 «33

223 561 384 659 merua,
402 590 500 665 quiam
524 562 699 642 habes'sub
720 576 1154 664 imagiuo'Aristotclis,

223 682 330 756 aedae
343 681 368 774 ,⁸
390 708 487 780 quam
521 691 555 755 iu
589 691 721 757 istorum
741 690 812 758 salta
836 680 938 760 curiali
945 722 956 779 3
987 684 1157 785 tecumque

132 818 134 821 ’
223 802 312 894 apud
347 820 378 870 ta
397 803 578 887 ambulare,
602 828 700 893 quam
721 829 797 873 cum
818 806 882 889 eo,
898 807 1038 896 quocum
1066 807 1159 877 video

170 959 175 969 ·
223 941 289 986 esse
318 916 583 987 ambulandum.”
639 920 754 1007 Neque
785 920 840 988 bic
863 923 897 1011 iu
933 923 1158 990 Ciceronis

225 1029 469 1123 Epistoiislocus
491 1032 788 1120 praetermittendus
801 1031 874 1123 (l),
897 1037 976 1103 ubi:
1002 1039 1157 1122 „Nuuc,''

226 1145 349 1233 iuquit,
372 1165 536 1232 „prorsus
571 1143 632 1211 boc
658 1146 772 1224 statui,
808 1161 867 1229 ut,
892 1147 1043 1235 quoniam
1073 1164 1160 1215 tanta

226 1260 432 1327 conuoversia
465 1274 547 1341 ests
567 1258 855 1341 Dicaearcho,
889 1259 1044 1327 ‘familiari
1082 1278 1160 1346 tuo,

227 1368 631 1458 cumTheopbrasto,
666 1372 767 1438 amico
806 1395 897 1456 mcc,
938 1388 975 1438 ut
1008 1372 1059 1439 illc
1086 1391 1160 1440 taus

226 1491 273 1558 τὸν
291 1491 447 1582 πρακτικὸν
473 1490 542 1577 ’βίον
572 1491 664 1578 longe
697 1496 844 1562 omnibus
879 1513 1070 1589 anteponat,
1105 1499 1162 1568 hic

225 1630 332 1685 autem
352 1616 399 1682 τὸν
414 1614 608 1704 θεωρητικὸν,
622 1616 751 1703 utrique
773 1639 791 1679 a
815 1636 866 1678 me
888 1633 955 1679 mos
976 1625 1080 1698 gestus
1097 1634 1161 1678 esse

225 1727 381 1797 videatur.
435 1731 517 1795 Puto
549 1715 635 1795 enim
670 1748 721 1793 me
750 1704 999 1795 Dicaearcho
1039 1724 1158 1794 affatim

224 1843 418 1912 satisfecisse:
443 1844 578 1933 respicio
602 1867 691 1911 nunc
714 1828 863 1909 adhunc
885 1840 1056 1924 familiam,
1080 1865 1162 1930 quae

224 1959 303 2026 mihi
335 1981 401 2026 non
436 1956 548 2034 modo,
583 1972 620 2023 ut
643 1958 861 2047 requiescam,
896 1955 1071 2044 permittit,
1104 1952 1162 2020 sed

225 2072 450 2165 reprehendit,
482 2074 556 2162 quia
593 2096 659 2140 non
688 2093 815 2163 semper
850 2070 996 2158 quierim.
1051 2070 1161 2157 Quare

225 2190 468 2272 incumbamus,
490 2212 510 2256 o
529 2203 634 2254 noster
656 2189 688 2251 T
698 2187 777 2269 ite,
799 2183 841 2251 ad
857 2183 908 2250 illa
923 2182 1162 2274 praeclarastu-

225 2304 301 2389 dia,
332 2284 376 2371 et‘
398 2326 455 2388 eo,
490 2301 576 2369 unde
602 2298 764 2368 discedere
800 2323 866 2368 uon
897 2299 1062 2388 oportuit,
1099 2299 1158 2366 ali-

226 2418 357 2510 quando
376 2421 602 2487 revertamur.''
805 2494 807 2499 ,
1004 2400 1008 2407 ⁸

269 2536 423 2628 Utrique,
446 2558 513 2625 quo
536 2551 676 2624 tempora
701 2534 848 2599 Cicero
869 2530 1007 2598 Athenis
1022 2549 1158 2599 versatus

225 2668 300 2736 est,
332 2648 509 2719 studiorum
540 2645 713 2717 similitudo
736 2670 857 2715 summa
878 2645 1084 2713 familiaritate
1107 2649 1157 2715 M.

226 2766 413 2853 Pupium
434 2765 615 2829 Pisonem
636 2761 966 2853 Calpurnianum
987 2758 1154 2849 adjunxit3

227 2878 319 2961 cujus
339 2875 385 2941 rai
406 2875 484 2940 ratio
504 2896 544 2938 ex
565 2875 648 2940 libro
672 2876 786 2963 ‘quinto
803 2873 844 2939 de
872 2876 1003 2941 Finibus
1022 2877 1156 2943 maxime

224 2987 409 3075 intelligitur
439 2983 500 3074 (2).
555 2986 601 3052 Ut
632 2987 847 3052 Romanorum
874 2992 1034 3077 principes
1050 2994 1119 3077 jam
1137 3017 1157 3058 a

223 3103 392 3174 Catonis
414 3101 584 3188 Majoris
612 3096 689 3165 inde
719 3101 917 3187 temporibus
939 3103 1067 3171 Graecis
1091 3102 1155 3172 do-

223 3220 361 3289 ctoribus
395 3218 586 3299 utebantur,
622 3218 665 3281 ita
688 3215 785 3282 Piso
815 3239 945 3306 quoque
976 3217 1154 3289 Staseam

223 3332 488 3423 Peripateticum,
509 3332 544 3397 in
561 3333 629 3418 ejus
651 3353 764 3417 genere
785 3332 928 3398 omnium
953 3333 1156 3426 principem,

223 3450 310 3519 domi
321 3471 393 3515 suae
411 3446 524 3513 babuit
535 3442 596 3536 (3)
641 3447 725 3527 Hinc
744 3469 874 3537 quoque
898 3449 1053 3533 Cicero,
1071 3447 1154 3517 libro

262 3736 303 3813 (i)
324 3733 368 3793 lb.
397 3732 434 3808 ll,
462 3730 515 3810 Ep.
547 3728 597 3805 ts,
622 3728 667 3789 Gi.
698 3729 734 3805 ll,
764 3728 860 3806 ΕΜ
888 3741 916 3789 ct
934 3730 970 3790 ad
993 3729 1150 3806 FamVil,

219 3843 273 3922 Ep.
302 3843 353 3902 50.
397 3840 438 3918 (b)
459 3840 495 3900 dc
517 3840 580 3899 rin.
606 3838 641 3913 V,
671 3838 699 3896 t.
730 3836 847 3930 (lb-lb.
872 3838 921 3913 lV,
951 3837 1003 3897 26.
1033 3837 1069 3915 V,
1097 3839 1151 3916 25,

220 3953 273 4029 26,
290 3955 341 4030 52,
352 3955 450 4014 Brut.
473 3973 499 4013 c.
517 3952 568 4012 90.
615 3946 655 4028 (3)
670 3950 711 4011 De
726 3948 802 4011 Orat.
816 3950 839 4027 i,
856 3950 907 4027 29,
924 3949 959 4010 de
970 3950 1033 4011 Fiu.
1046 3948 1081 4019 V,
1097 3951 1149 4010 25.

1018 4064 1037 4125 3
1127 4074 1133 4083 .
