2894 4896
627 394 688 463 tot

199 579 333 665 ommis,
358 603 419 649 neo
442 601 493 647 oos
517 576 715 669 turbulentos
739 600 802 643 esse
821 577 995 667 patiantur..
1029 582 1133 649 reri,

196 696 328 788 patetici
348 706 456 763 autem
478 692 519 761 ad
542 692 713 784 placandus
735 693 855 761 animos
876 692 1130 764 multaufferuuta

196 813 302 901 spinas
335 808 496 898 partiendi
531 825 562 874 et
595 806 771 875 definiendi
786 851 788 861 ·
801 809 1068 899 praetermittunt.
1090 845 1135 860 -

194 927 397 1015 Quaerebam
431 925 547 1009 igitur,
583 939 692 989 utrum
725 919 898 1013 panderem
925 921 987 988 vela
1018 925 1133 990 cratio-

196 1040 246 1103 nis
278 1039 402 1121 statim‚
436 1063 476 1103 au
512 1060 580 1104 eam
618 1053 690 1104 ante
708 1036 884 1129 paullulum
904 1036 1134 1109 dialecticorum

196 1153 289 1221 remis
313 1151 531 1243 propellerem.
577 1152 618 1221 Α.
644 1154 710 1221 Isto
728 1151 824 1225 ruodo
843 1176 927 1221 vero.
959 1155 1029 1225 Erit
1049 1159 1135 1226 euim

195 1267 258 1339 hoo
286 1282 414 1352 totum,
445 1265 536 1357 quod
556 1290 695 1356 quaero,
729 1284 929 1357 castroque
953 1269 1133 1360 perfectius.

194 1385 243 1454 M.
273 1385 330 1458 Est
362 1382 396 1451 id
420 1382 552 1475 quidem
574 1384 714 1467 rectius3
750 1381 806 1451 sed
831 1401 903 1471 pust
924 1386 1084 1475 requires,
1100 1389 1134 1457 si

194 1496 277 1588 quid
306 1499 401 1569 suerit
433 1501 619 1571 ohscurior
648 1498 708 1586 (l).
755 1501 927 1588 Postquam
949 1501 1044 1585 igitur
1065 1503 1131 1573 Cia

194 1638 286 1685 cero
317 1614 467 1691 Stoice
499 1613 540 1680 de
573 1615 865 1705 perturbationibus
897 1612 1131 1706 disputaveratt

193 1732 337 1811 „Habes
357 1734 438 1814 ea,’'
471 1732 602 1821 iuquit,
636 1754 751 1820 „quae
774 1728 816 1797 de
839 1733 1131 1820 perturbationibus

190 1847 350 1917 enucleate
380 1847 544 1936 disputant
567 1847 684 1916 Stoici:
724 1871 805 1939 quae
826 1846 923 1932 logica
947 1848 1128 1940 appellant.

191 1965 264 2054 quia
307 1962 506 2033 disseruntur
538 1962 696 2057 subtilius.
753 1964 802 2029 Er
822 1964 947 2050 ¹quibus
980 1965 1129 2053 quoniam

190 2096 342 2170 tauquam
376 2105 394 2145 e
424 2078 614 2169 scrupulosis
647 2079 770 2145 cotibus
801 2079 975 2162 enavigavit
1007 2080 1127 2163 oratio,

190 2193 327 2283 reliquae
347 2192 570 2286 disputationis
596 2217 724 2262 cursum
744 2209 926 2260 teneamus:
959 2190 1053 2260 modo
1076 2217 1129 2268 sa-‚‚

190 2311 228 2377 tis
260 2309 312 2376 illa
342 2308 479 2377 dilucida
513 2308 685 2379 dixerimus
717 2333 777 2400 pro
799 2332 907 2383 rerum
929 2308 1128 2383 obscuritate.

190 2426 230 2493 A.
256 2429 386 2509 Prorsus
408 2427 501 2494 satis:
526 2424 581 2493 sed
601 2427 626 2493 si
646 2450 716 2514 qua,
733 2422 910 2509 diligentius
943 2441 1039 2520 erunt
1068 2449 1126 2503 co:

188 2541 386 2629 poscenda,
411 2566 595 2634 quaeremus
617 2541 707 2609 alias:
733 2564 822 2609 nuno
836 2539 917 2623 vela,
941 2539 1128 2631 quaemodo
1180 2628 1183 2637 H

188 2656 338 2740 dicebas,
360 2674 576 2748 exspectamus
598 2670 631 2720 et
652 2657 803 2721 cursum”
828 2653 888 2742 (2).

231 2771 363 2837 Miscuit
386 2769 524 2858 denique
551 2770 698 2835 cumbis
723 2770 930 2839 Arcesilae
960 2788 992 2836 ct
1026 2773 1123 2841 Car·

189 2882 326 2950 neadis
361 2883 532 2964 rationem3
569 2881 656 2970 quod
681 2900 718 2948 ut
736 2884 917 2966 ostendam,
943 2888 1067 2953 Hirtii
1090 2887 1124 2953 in

186 3001 270 3067 libro
304 2997 344 3063 de
376 2999 452 3065 Fato
476 2997 524 3085 (3)
560 2997 746 3075 senteutiam
780 2996 895 3063 addere
917 2999 1121 3081 mihiliceat:

187 3166 210 3200 ‚,
223 3118 315 3187 Hanc
338 3113 601 3183 Academicorum
615 3129 722 3179 contra
735 3114 932 3204 propositum
942 3111 1133 3205 disputandi,

186 3228 446 3298 consuetudinem
489 3228 632 3296 indicant
670 3245 700 3294 te
729 3230 899 3321 suscepisse
927 3228 1123 3299 Tusculanae

185 3346 443 3438 disputationes.”

228 3464 285 3529 llis
303 3463 398 3548 igitur
419 3461 584 3552 expositis,
607 3459 684 3526 haec
709 3458 750 3524 de
769 3459 1012 3533 Aristotelio
1033 3485 1122 3529 more

184 3580 357 3664 gravissima
388 3576 563 3666 disquisitio
591 3599 628 3643 eo
662 3600 713 3647 roe
747 3574 870 3649 duxisae
905 3576 1047 3661 videtur,
1083 3593 1120 3644 ut

186 3694 398 3777 concludam,
441 3694 698 3777 Ciceronem,
729 3710 765 3758 ut
796 3695 830 3758 iu
862 3691 1124 3786 philosophando

229 3976 267 4051 (a)
291 3975 338 4049 u,
371 3977 401 4051 r,
428 3978 457 4034 s.
504 3979 543 4055 (o)
566 3979 606 4037 u.
637 3996 663 4036 ο.
692 3977 740 4036 rr.
784 3979 822 4056 (s)
845 3998 871 4039 ο.
902 3981 932 4040 a.
