2894 4896
766 356 833 432 78'

305 556 410 645 leges,
431 560 503 645 jura
525 553 701 633 describat,
724 575 791 618 rem
813 548 975 642 publicam
993 565 1096 636 regat,
1121 553 1249 620 onmia.

309 696 396 765 que,
428 673 468 740 ad
494 693 729 764 quamcumque
748 690 816 735 rem
835 668 1035 760 pertineant,
1057 685 1168 736 ornate
1190 693 1249 738 co-

310 793 461 883 pioseque
481 788 590 857 dicat’'
617 787 680 878 (l)

315 933 320 947 ’
351 910 539 998 Intelligitur
558 932 596 976 ex
618 907 679 992 his,
702 908 993 976 Ciceronemin
1006 905 1254 997 ἔγκυκλοπαιδέίᾳ

309 1048 386 1110 sua,
419 1042 456 1093 ut
480 1027 521 1092 ita
545 1022 675 1106 dicam,
698 1021 889 1107 condenda,
914 1040 978 1090 tum
999 1023 1189 1092 Platonis
1210 1025 1252 1094 de

308 1143 443 1225 artium,
469 1165 566 1232 quam
584 1139 683 1206 Aris
695 1136 850 1204 tutelis
872 1136 914 1204 de
934 1135 1152 1206 doctrinarum
1170 1141 1249 1208 vin·

309 1255 382 1326 erdo
404 1257 591 1323 sententiam
614 1254 805 1347 respexisse3
832 1251 921 1343 quod
957 1271 994 1321 ut
1017 1253 1141 1346 planius
1170 1278 1247 1347 per-

307 1372 481 1462 spiciatur,
514 1372 668 1459 egregiam
701 1372 843 1437 Crassi
864 1369 936 1460 (2),
971 1372 1019 1440 vel
1045 1375 1151 1462 potius
1181 1374 1246 1442 Ci-

308 1493 503 1576 ceronis,
528 1488 568 1556 de
587 1506 707 1558 oratore
729 1491 941 1573 sententiam,
976 1492 1119 1580 quamvis
1143 1492 1247 1584 paullo

306 1604 501 1692 longiorem,
526 1601 702 1669 adscribere
717 1604 828 1689 juvate
854 1599 1041 1686 „Intuendi
1063 1604 1155 1670 nohis
1175 1619 1249 1670 suut

219 1788 226 1801 ,
306 1744 374 1788 non
409 1719 510 1788 solum
543 1736 702 1802 oratores,
737 1717 793 1786 sed
827 1720 921 1786 etiam
943 1737 1082 1805 actores,
1104 1745 1146 1788 ne
1169 1721 1247 1789 malu

307 1836 535 1908 consuetudine
560 1835 601 1903 ad
622 1837 761 1929 aliquam
780 1835 1016 1906 deformitatem
1036 1841 1245 1932 pravitatem·

307 1977 371 2047 que
391 1956 560 2023 veniamus.
585 1952 769 2022 Exercenda
792 1971 838 2021 est
860 1957 953 2021 etiam
975 1956 1145 2041 memoria,
1170 1954 1243 2023 edi-

304 2069 428 2140 scendis
450 2070 490 2137 ad
510 2073 644 2138 verbum
664 2092 761 2161 quam
782 2070 928 2161 plurimis
953 2074 1109 2140 etnostris
1122 2070 1246 2165 scriptis

304 2205 337 2255 et
367 2188 541 2256 alienis-
572 2182 749 2254 Educenda
778 2182 896 2254 delude
927 2184 1026 2256 dictio
1045 2211 1090 2260 est
1118 2213 1156 2256 ex
1183 2189 1243 2258 heo

305 2300 476 2371 domestica
511 2303 731 2369 exercitatione
764 2319 797 2368 et
821 2300 1006 2390 umbratili,
1040 2304 1181 2373 medium
1207 2306 1242 2372 in

305 2434 443 2508 agmen,
476 2420 510 2485 in
543 2416 728 2510 pulverem,
761 2418 795 2483 in
825 2418 1015 2503 clamorem,
1057 2423 1091 2487 lu
1121 2438 1244 2505 castra,

304 2555 401 2628 atque
430 2537 464 2602 in
501 2535 598 2602 eciem
623 2534 801 2603 sorensem:
827 2537 1010 2604 subeundus
1031 2562 1104 2604 usus
1131 2541 1241 2606 omni-

304 2680 381 2738 um,
414 2669 447 2720 et
478 2649 703 2745 periclitandae
740 2654 819 2719 vires
846 2655 988 2740 ingenii3
1013 2671 1045 2721 et
1070 2653 1119 2721 illa
1148 2679 1240 2723 eom-

302 2771 455 2840 mentatiu
486 2765 605 2835 inclusa
634 2768 668 2833 in
690 2769 824 2835 veritatis
845 2768 949 2837 lucem
967 2769 1159 2863 proferenda
1180 2789 1238 2839 est.

303 2885 446 2975 Legendi
479 2885 572 2952 etium
593 2894 729 2972 poetae,
763 2884 980 2973 cognoscenda
1012 2887 1157 2972 historia,
1199 2913 1239 2955 o·

301 3008 429 3075 mnium
447 3007 604 3072 bonarum
623 3002 737 3068 artium
758 3003 925 3094 scriptores
946 3019 1042 3095 atque
1055 3003 1196 3071 doctores
1208 3022 1239 3071 et

300 3118 448 3212 legendi,
484 3136 516 3186 et
544 3113 783 3208 pervolutandi,
825 3134 856 3182 et
891 3120 1119 3188 exercitationis
1151 3146 1238 3189 causa

299 3230 473 3316 laudandi,
507 3228 762 3320 interpretandi,
795 3231 995 3322 corrigendi,
1018 3236 1237 3329 vituperandi,

298 3346 487 3434 refellendi3
512 3341 810 3439 disputandumque
833 3346 875 3415 de
894 3351 981 3417 omni
1004 3375 1039 3418 re
1060 3353 1095 3419 in
1106 3369 1235 3421 contra-

303 3496 506 3514 *ιιι-

342 3544 392 3627 (Ι)
415 3544 450 3604 de
474 3541 554 3604 Orat.
581 3542 630 3620 ΙΙΙ,
652 3542 702 3604 20.
745 3547 785 3619 (Ι)
807 3547 843 3608 de
871 3548 950 3621 Orat.
977 3550 1000 3626 l,
1022 3548 1074 3610 54.
1117 3551 1159 3611 De
1181 3550 1235 3611 hoc

297 3655 355 3716 lato
396 3652 514 3715 oratoris
537 3670 651 3712 munere
678 3650 724 3713 eff.
750 3657 870 3717 maxime
893 3654 1092 3719 Ciceronis
1115 3658 1178 3718 loca
1199 3658 1235 3720 de

296 3761 377 3847 Orat.
416 3764 438 3830 1,
479 3760 517 3822 ld
553 3775 582 3822 et
614 3761 667 3841 28,
703 3764 738 3841 ll,
776 3766 806 3843 8,
840 3767 860 3827 9
888 3779 916 3827 et
944 3767 996 3844 ΙΙ),
1026 3767 1073 3835 111,
1100 3767 1119 3826 5
1143 3780 1172 3828 et
1199 3767 1230 3844 6,

292 3869 372 3933 Orat.
400 3891 427 3932 e.
457 3873 505 3940 ll,
535 3873 570 3934 de
595 3872 651 3935 Off.
675 3875 698 3953 l,
726 3875 775 3942 57,
801 3876 835 3945 ll,
873 3877 921 3955 ll,
949 3877 984 3941 de
1012 3879 1098 3959 Legg.
1127 3876 1230 3956 l,·2l,

289 3982 369 4045 Orat.
401 3979 478 4043 Part.
505 4003 530 4043 e.
569 3985 618 4045 40.
