<?xml version="1.0" encoding="UTF-8"?>
<!DOCTYPE html PUBLIC "-//W3C//DTD XHTML 1.0 Transitional//EN"
    "http://www.w3.org/TR/xhtml1/DTD/xhtml1-transitional.dtd">
<html xmlns="http://www.w3.org/1999/xhtml" xml:lang="en" lang="en">
 <head>
  <title>
</title>
<meta http-equiv="Content-Type" content="text/html;charset=utf-8" />
  <meta name='ocr-system' content='tesseract 3.04.00' />
  <meta name='ocr-capabilities' content='ocr_page ocr_carea ocr_par ocr_line ocrx_word'/>
</head>
<body>
  <div class='ocr_page' id='page_1' title='image "./disquisitiocrit01baumgoog_0035.png"; bbox 0 0 2930 4812; ppageno 0'>
   <div class='ocr_carea' id='block_1_1' title="bbox 765 412 804 477">
    <p class='ocr_par' dir='ltr' id='par_1_1' title="bbox 765 412 804 477">
     <span class='ocr_line' id='line_1_1' title="bbox 765 412 804 477; baseline 0.026 -1"><span class='ocrx_word' id='word_1_1' title='bbox 765 412 804 477; x_wconf 67' lang='lat' dir='ltr'><strong>ll</strong></span> 
     </span>
    </p>
   </div>
   <div class='ocr_carea' id='block_1_2' title="bbox 314 598 1255 2427">
    <p class='ocr_par' dir='ltr' id='par_1_2' title="bbox 314 598 1252 1621">
     <span class='ocr_line' id='line_1_2' title="bbox 316 598 1250 690; baseline -0.003 -19"><span class='ocrx_word' id='word_1_2' title='bbox 316 601 380 676; x_wconf 74' lang='grc' dir='ltr'><strong>κοὺς</strong></span> <span class='ocrx_word' id='word_1_3' title='bbox 405 600 504 690; x_wconf 73' lang='grc' dir='ltr'>λόγους</span> <span class='ocrx_word' id='word_1_4' title='bbox 525 598 708 671; x_wconf 69' lang='lat' dir='ltr'><strong>reserenda</strong></span> <span class='ocrx_word' id='word_1_5' title='bbox 731 620 794 669; x_wconf 78' lang='lat' dir='ltr'><strong>trac</strong></span> <span class='ocrx_word' id='word_1_6' title='bbox 815 615 850 665; x_wconf 77' lang='lat' dir='ltr'><strong>rt</strong></span> <span class='ocrx_word' id='word_1_7' title='bbox 869 623 935 668; x_wconf 79' lang='lat' dir='ltr'><strong>non</strong></span> <span class='ocrx_word' id='word_1_8' title='bbox 956 602 1059 667; x_wconf 82' lang='lat' dir='ltr'><strong>minna</strong></span> <span class='ocrx_word' id='word_1_9' title='bbox 1073 600 1250 688; x_wconf 67' lang='lat' dir='ltr'><strong>argumenti</strong></span> 
     </span>
     <span class='ocr_line' id='line_1_3' title="bbox 316 713 1250 806; baseline -0.005 -19"><span class='ocrx_word' id='word_1_10' title='bbox 316 716 493 787; x_wconf 74' lang='lat' dir='ltr'><strong>diversitate</strong></span> <span class='ocrx_word' id='word_1_11' title='bbox 514 740 610 806; x_wconf 84' lang='lat' dir='ltr'><strong>quam</strong></span> <span class='ocrx_word' id='word_1_12' title='bbox 631 715 783 785; x_wconf 81' lang='lat' dir='ltr'><strong>ammonis</strong></span> <span class='ocrx_word' id='word_1_13' title='bbox 804 713 953 802; x_wconf 73' lang='lat' dir='ltr'><strong>elegant&#39;m</strong></span> <span class='ocrx_word' id='word_1_14' title='bbox 975 731 1008 782; x_wconf 83' lang='lat' dir='ltr'><strong>ct</strong></span> <span class='ocrx_word' id='word_1_15' title='bbox 1030 715 1160 789; x_wconf 73' lang='lat' dir='ltr'><strong>dicendi</strong></span> <span class='ocrx_word' id='word_1_16' title='bbox 1183 734 1250 783; x_wconf 83' lang='lat' dir='ltr'><strong>arto</strong></span> 
     </span>
     <span class='ocr_line' id='line_1_4' title="bbox 316 829 1249 923; baseline 0 -25"><span class='ocrx_word' id='word_1_17' title='bbox 316 859 333 898; x_wconf 82' lang='lat' dir='ltr'><strong>a</strong></span> <span class='ocrx_word' id='word_1_18' title='bbox 356 832 464 899; x_wconf 86' lang='lat' dir='ltr'><strong>ceteris</strong></span> <span class='ocrx_word' id='word_1_19' title='bbox 485 831 609 923; x_wconf 84' lang='lat' dir='ltr'><strong>scriptis</strong></span> <span class='ocrx_word' id='word_1_20' title='bbox 631 829 837 921; x_wconf 77' lang='lat' dir='ltr'><strong>discrcpuisse</strong></span> <span class='ocrx_word' id='word_1_21' title='bbox 858 830 1033 919; x_wconf 77' lang='lat' dir='ltr'><strong>opinatur-3</strong></span> <span class='ocrx_word' id='word_1_22' title='bbox 1061 856 1143 922; x_wconf 83' lang='lat' dir='ltr'><strong>quac</strong></span> <span class='ocrx_word' id='word_1_23' title='bbox 1163 834 1249 898; x_wconf 75' lang='lat' dir='ltr'><strong>rann</strong></span> 
     </span>
     <span class='ocr_line' id='line_1_5' title="bbox 314 943 1248 1033; baseline 0 -20"><span class='ocrx_word' id='word_1_24' title='bbox 314 963 416 1013; x_wconf 79' lang='lat' dir='ltr'><strong>essent</strong></span> <span class='ocrx_word' id='word_1_25' title='bbox 439 968 523 1013; x_wconf 82' lang='lat' dir='ltr'><strong>mere</strong></span> <span class='ocrx_word' id='word_1_26' title='bbox 544 943 735 1033; x_wconf 83' lang='lat' dir='ltr'><strong>philosopha</strong></span> <span class='ocrx_word' id='word_1_27' title='bbox 755 945 797 1009; x_wconf 84' lang='lat' dir='ltr'><strong>ab</strong></span> <span class='ocrx_word' id='word_1_28' title='bbox 820 943 1084 1013; x_wconf 75' lang='lat' dir='ltr'><strong>Aristotele</strong></span> <span class='ocrx_word' id='word_1_29' title='bbox 1115 970 1152 1013; x_wconf 78' lang='lat' dir='ltr'><strong>co</strong></span> <span class='ocrx_word' id='word_1_30' title='bbox 1172 963 1248 1012; x_wconf 87' lang='lat' dir='ltr'><strong>tan·</strong></span> 
     </span>
     <span class='ocr_line' id='line_1_6' title="bbox 317 1059 1248 1154; baseline -0.004 -25"><span class='ocrx_word' id='word_1_31' title='bbox 317 1078 385 1135; x_wconf 85' lang='lat' dir='ltr'><strong>tum</strong></span> <span class='ocrx_word' id='word_1_32' title='bbox 398 1060 560 1154; x_wconf 85' lang='lat' dir='ltr'><strong>proposito</strong></span> <span class='ocrx_word' id='word_1_33' title='bbox 580 1083 643 1126; x_wconf 79' lang='lat' dir='ltr'><strong>esse</strong></span> <span class='ocrx_word' id='word_1_34' title='bbox 665 1059 828 1141; x_wconf 77' lang='lat' dir='ltr'><strong>confecta,</strong></span> <span class='ocrx_word' id='word_1_35' title='bbox 852 1075 889 1127; x_wconf 87' lang='lat' dir='ltr'><strong>nt</strong></span> <span class='ocrx_word' id='word_1_36' title='bbox 911 1059 1171 1148; x_wconf 74' lang='lat' dir='ltr'><strong>praelectionibus</strong></span> <span class='ocrx_word' id='word_1_37' title='bbox 1192 1063 1248 1125; x_wconf 88' lang='lat' dir='ltr'><strong>in·</strong></span> 
     </span>
     <span class='ocr_line' id='line_1_7' title="bbox 318 1173 1251 1267; baseline -0.004 -23"><span class='ocrx_word' id='word_1_38' title='bbox 318 1179 484 1258; x_wconf 78' lang='lat' dir='ltr'><strong>servirent,</strong></span> <span class='ocrx_word' id='word_1_39' title='bbox 503 1192 536 1241; x_wconf 87' lang='lat' dir='ltr'><strong>et</strong></span> <span class='ocrx_word' id='word_1_40' title='bbox 553 1192 664 1267; x_wconf 71' lang='lat' dir='ltr'><strong>postea</strong></span> <span class='ocrx_word' id='word_1_41' title='bbox 681 1173 835 1252; x_wconf 78' lang='lat' dir='ltr'><strong>demunt,</strong></span> <span class='ocrx_word' id='word_1_42' title='bbox 854 1173 907 1241; x_wconf 68' lang='lat' dir='ltr'><strong>›vcl</strong></span> <span class='ocrx_word' id='word_1_43' title='bbox 925 1176 967 1243; x_wconf 84' lang='lat' dir='ltr'><strong>ab</strong></span> <span class='ocrx_word' id='word_1_44' title='bbox 989 1198 1028 1241; x_wconf 81' lang='lat' dir='ltr'><strong>co</strong></span> <span class='ocrx_word' id='word_1_45' title='bbox 1044 1176 1125 1266; x_wconf 80' lang='lat' dir='ltr'><strong>ipro,</strong></span> <span class='ocrx_word' id='word_1_46' title='bbox 1142 1174 1251 1240; x_wconf 67' lang='lat' dir='ltr'><strong>nalal&gt;</strong></span> 
     </span>
     <span class='ocr_line' id='line_1_8' title="bbox 318 1289 1252 1385; baseline -0.003 -25"><span class='ocrx_word' id='word_1_47' title='bbox 318 1298 385 1382; x_wconf 86' lang='lat' dir='ltr'><strong>ejus</strong></span> <span class='ocrx_word' id='word_1_48' title='bbox 419 1292 596 1385; x_wconf 82' lang='lat' dir='ltr'><strong>discipulis,</strong></span> <span class='ocrx_word' id='word_1_49' title='bbox 619 1292 712 1358; x_wconf 84' lang='lat' dir='ltr'><strong>fuisse</strong></span> <span class='ocrx_word' id='word_1_50' title='bbox 748 1290 831 1356; x_wconf 82' lang='lat' dir='ltr'><strong>edita</strong></span> <span class='ocrx_word' id='word_1_51' title='bbox 860 1289 930 1376; x_wconf 64' lang='grc' dir='ltr'><strong>(ὓς</strong></span> <span class='ocrx_word' id='word_1_52' title='bbox 969 1290 1048 1358; x_wconf 89' lang='lat' dir='ltr'><strong>hinc</strong></span> <span class='ocrx_word' id='word_1_53' title='bbox 1069 1292 1163 1377; x_wconf 78' lang='lat' dir='ltr'><strong>igitur</strong></span> <span class='ocrx_word' id='word_1_54' title='bbox 1186 1313 1252 1357; x_wconf 77' lang='lat' dir='ltr'><strong>osse</strong></span> 
     </span>
     <span class='ocr_line' id='line_1_9' title="bbox 317 1405 1251 1502; baseline -0.005 -25"><span class='ocrx_word' id='word_1_55' title='bbox 317 1409 528 1502; x_wconf 79' lang='lat' dir='ltr'><strong>repetendum</strong></span> <span class='ocrx_word' id='word_1_56' title='bbox 561 1408 650 1501; x_wconf 86' lang='lat' dir='ltr'><strong>qnod</strong></span> <span class='ocrx_word' id='word_1_57' title='bbox 680 1410 714 1477; x_wconf 88' lang='lat' dir='ltr'><strong>in</strong></span> <span class='ocrx_word' id='word_1_58' title='bbox 741 1409 897 1500; x_wconf 73' lang='lat' dir='ltr'><strong>prioribus</strong></span> <span class='ocrx_word' id='word_1_59' title='bbox 921 1405 1160 1498; x_wconf 72' lang='lat' dir='ltr'><strong>scriptislsaud</strong></span> <span class='ocrx_word' id='word_1_60' title='bbox 1181 1430 1251 1473; x_wconf 79' lang='lat' dir='ltr'><strong>raro</strong></span> 
     </span>
     <span class='ocr_line' id='line_1_10' title="bbox 320 1524 890 1621; baseline -0.009 -25"><span class='ocrx_word' id='word_1_61' title='bbox 320 1528 361 1596; x_wconf 86' lang='lat' dir='ltr'><strong>ad</strong></span> <span class='ocrx_word' id='word_1_62' title='bbox 383 1529 554 1621; x_wconf 79' lang='lat' dir='ltr'><strong>posteriora</strong></span> <span class='ocrx_word' id='word_1_63' title='bbox 576 1526 692 1593; x_wconf 81' lang='lat' dir='ltr'><strong>referre</strong></span> <span class='ocrx_word' id='word_1_64' title='bbox 714 1524 808 1592; x_wconf 78' lang='lat' dir='ltr'>soleat</span> <span class='ocrx_word' id='word_1_65' title='bbox 831 1526 890 1615; x_wconf 67' lang='lat'><strong>(2).</strong></span> 
     </span>
    </p>

    <p class='ocr_par' dir='ltr' id='par_1_3' title="bbox 320 1638 1255 2427">
     <span class='ocr_line' id='line_1_11' title="bbox 363 1638 1255 1732; baseline -0.011 -17"><span class='ocrx_word' id='word_1_66' title='bbox 363 1643 640 1729; x_wconf 70' lang='lat' dir='ltr'><strong>Madvigius,</strong></span> <span class='ocrx_word' id='word_1_67' title='bbox 674 1642 731 1730; x_wconf 85' lang='lat' dir='ltr'><strong>qui</strong></span> <span class='ocrx_word' id='word_1_68' title='bbox 751 1663 843 1732; x_wconf 74' lang='lat' dir='ltr'><strong>saepo</strong></span> <span class='ocrx_word' id='word_1_69' title='bbox 863 1638 1044 1707; x_wconf 84' lang='lat' dir='ltr'><strong>Stahrii</strong></span> <span class='ocrx_word' id='word_1_70' title='bbox 1067 1639 1255 1705; x_wconf 76' lang='lat' dir='ltr'><strong>sententiam</strong></span> 
     </span>
     <span class='ocr_line' id='line_1_12' title="bbox 322 1752 1253 1846; baseline -0.012 -19"><span class='ocrx_word' id='word_1_71' title='bbox 322 1761 414 1827; x_wconf 77' lang='lat' dir='ltr'><strong>nitatis</strong></span> <span class='ocrx_word' id='word_1_72' title='bbox 435 1759 587 1843; x_wconf 73' lang='lat' dir='ltr'><strong>exagitare</strong></span> <span class='ocrx_word' id='word_1_73' title='bbox 608 1753 756 1837; x_wconf 86' lang='lat' dir='ltr'><strong>videtur,</strong></span> <span class='ocrx_word' id='word_1_74' title='bbox 792 1754 989 1841; x_wconf 81' lang='lat' dir='ltr'><strong>Hogclii,</strong></span> <span class='ocrx_word' id='word_1_75' title='bbox 1024 1757 1082 1846; x_wconf 81' lang='lat' dir='ltr'><strong>qni</strong></span> <span class='ocrx_word' id='word_1_76' title='bbox 1109 1752 1253 1839; x_wconf 76' lang='lat' dir='ltr'><strong>dogmata</strong></span> 
     </span>
     <span class='ocr_line' id='line_1_13' title="bbox 320 1868 1255 1951; baseline -0.018 -1"><span class='ocrx_word' id='word_1_77' title='bbox 320 1876 465 1949; x_wconf 72' lang='lat' dir='ltr'><strong>asmata</strong></span> <span class='ocrx_word' id='word_1_78' title='bbox 487 1889 519 1938; x_wconf 87' lang='lat' dir='ltr'><strong>et</strong></span> <span class='ocrx_word' id='word_1_79' title='bbox 538 1872 691 1941; x_wconf 71' lang='lat' dir='ltr'><strong>exoterica</strong></span> <span class='ocrx_word' id='word_1_80' title='bbox 712 1868 797 1938; x_wconf 79' lang='lat' dir='ltr'><strong>nulla</strong></span> <span class='ocrx_word' id='word_1_81' title='bbox 817 1869 909 1937; x_wconf 76' lang='lat' dir='ltr'><strong>ln‘msa</strong></span> <span class='ocrx_word' id='word_1_82' title='bbox 930 1885 1054 1951; x_wconf 76' lang='lat' dir='ltr'><strong>conset,</strong></span> <span class='ocrx_word' id='word_1_83' title='bbox 1084 1869 1255 1935; x_wconf 74' lang='lat' dir='ltr'><strong>sentcntiae</strong></span> 
     </span>
     <span class='ocr_line' id='line_1_14' title="bbox 320 1985 1251 2081; baseline -0.016 -16"><span class='ocrx_word' id='word_1_84' title='bbox 320 1996 416 2081; x_wconf 78' lang='lat' dir='ltr'><strong>magis</strong></span> <span class='ocrx_word' id='word_1_85' title='bbox 458 1989 639 2074; x_wconf 77' lang='lat' dir='ltr'><strong>suffragatus</strong></span> <span class='ocrx_word' id='word_1_86' title='bbox 668 1985 738 2074; x_wconf 74' lang='lat'><strong>(3)=</strong></span> <span class='ocrx_word' id='word_1_87' title='bbox 782 1986 1155 2068; x_wconf 83' lang='lat' dir='ltr'><strong>„Aristotelcs,“</strong></span> <span class='ocrx_word' id='word_1_88' title='bbox 1194 1988 1251 2051; x_wconf 81' lang='lat' dir='ltr'><strong>in-</strong></span> 
     </span>
     <span class='ocr_line' id='line_1_15' title="bbox 324 2101 1252 2202; baseline -0.008 -26"><span class='ocrx_word' id='word_1_89' title='bbox 324 2113 395 2202; x_wconf 83' lang='lat' dir='ltr'><strong>quit</strong></span> <span class='ocrx_word' id='word_1_90' title='bbox 415 2106 488 2195; x_wconf 74' lang='lat' dir='ltr'><strong>(lt),</strong></span> <span class='ocrx_word' id='word_1_91' title='bbox 521 2127 662 2193; x_wconf 80' lang='lat' dir='ltr'><strong>„noque</strong></span> <span class='ocrx_word' id='word_1_92' title='bbox 691 2105 863 2190; x_wconf 71' lang='lat' dir='ltr'><strong>generatim</strong></span> <span class='ocrx_word' id='word_1_93' title='bbox 891 2102 985 2169; x_wconf 76' lang='lat' dir='ltr'><strong>libros</strong></span> <span class='ocrx_word' id='word_1_94' title='bbox 1013 2122 1085 2170; x_wconf 82' lang='lat' dir='ltr'><strong>snos</strong></span> <span class='ocrx_word' id='word_1_95' title='bbox 1104 2101 1252 2196; x_wconf 87' lang='lat' dir='ltr'><strong>descrip-</strong></span> 
     </span>
     <span class='ocr_line' id='line_1_16' title="bbox 321 2217 1253 2311; baseline -0.009 -19"><span class='ocrx_word' id='word_1_96' title='bbox 321 2230 387 2309; x_wconf 78' lang='lat' dir='ltr'><strong>sit,</strong></span> <span class='ocrx_word' id='word_1_97' title='bbox 422 2245 528 2311; x_wconf 84' lang='lat' dir='ltr'><strong>neque</strong></span> <span class='ocrx_word' id='word_1_98' title='bbox 560 2217 714 2308; x_wconf 85' lang='lat' dir='ltr'><strong>quosdam</strong></span> <span class='ocrx_word' id='word_1_99' title='bbox 749 2219 887 2286; x_wconf 85' lang='lat' dir='ltr'><strong>occultos</strong></span> <span class='ocrx_word' id='word_1_100' title='bbox 910 2217 1047 2303; x_wconf 84' lang='lat' dir='ltr'><strong>hahuit,</strong></span> <span class='ocrx_word' id='word_1_101' title='bbox 1082 2219 1140 2287; x_wconf 84' lang='lat' dir='ltr'><strong>nisi</strong></span> <span class='ocrx_word' id='word_1_102' title='bbox 1164 2219 1253 2309; x_wconf 85' lang='lat' dir='ltr'><strong>quod</strong></span> 
     </span>
     <span class='ocr_line' id='line_1_17' title="bbox 322 2333 1255 2427; baseline -0.011 -18"><span class='ocrx_word' id='word_1_103' title='bbox 322 2337 468 2409; x_wconf 82' lang='lat' dir='ltr'><strong>nonnulli</strong></span> <span class='ocrx_word' id='word_1_104' title='bbox 501 2359 568 2403; x_wconf 90' lang='lat' dir='ltr'><strong>non</strong></span> <span class='ocrx_word' id='word_1_105' title='bbox 601 2333 742 2402; x_wconf 75' lang='lat' dir='ltr'><strong>celeriter</strong></span> <span class='ocrx_word' id='word_1_106' title='bbox 773 2333 908 2400; x_wconf 77' lang='lat' dir='ltr'><strong>consecti</strong></span> <span class='ocrx_word' id='word_1_107' title='bbox 939 2349 1025 2402; x_wconf 83' lang='lat' dir='ltr'><strong>runt.</strong></span> <span class='ocrx_word' id='word_1_108' title='bbox 1067 2334 1133 2423; x_wconf 86' lang='lat' dir='ltr'><strong>Qui</strong></span> <span class='ocrx_word' id='word_1_109' title='bbox 1168 2333 1255 2427; x_wconf 80' lang='lat' dir='ltr'><strong>apud</strong></span> 
     </span>
    </p>
   </div>
   <div class='ocr_carea' id='block_1_3' title="bbox 323 2458 1255 2556">
    <p class='ocr_par' dir='ltr' id='par_1_4' title="bbox 323 2458 1255 2556">
     <span class='ocr_line' id='line_1_18' title="bbox 323 2458 1255 2556; baseline -0.005 -25"><span class='ocrx_word' id='word_1_110' title='bbox 323 2469 428 2556; x_wconf 76' lang='lat' dir='ltr'><strong>ipram</strong></span> <span class='ocrx_word' id='word_1_111' title='bbox 454 2458 614 2551; x_wconf 69' lang='lat' dir='ltr'><strong>iinmptaoi</strong></span> <span class='ocrx_word' id='word_1_112' title='bbox 641 2459 720 2547; x_wconf 76' lang='grc' dir='ltr'>λόγοι</span> <span class='ocrx_word' id='word_1_113' title='bbox 742 2474 1052 2545; x_wconf 77' lang='lat' dir='ltr'><strong>commemorantur,</strong></span> <span class='ocrx_word' id='word_1_114' title='bbox 1078 2462 1100 2527; x_wconf 91' lang='lat' dir='ltr'><strong>ii</strong></span> <span class='ocrx_word' id='word_1_115' title='bbox 1123 2485 1189 2528; x_wconf 89' lang='lat' dir='ltr'><strong>non</strong></span> <span class='ocrx_word' id='word_1_116' title='bbox 1211 2460 1255 2527; x_wconf 87' lang='lat' dir='ltr'><strong>li-</strong></span> 
     </span>
    </p>
   </div>
   <div class='ocr_carea' id='block_1_4' title="bbox 325 2758 1257 3185">
    <p class='ocr_par' dir='ltr' id='par_1_5' title="bbox 325 2758 1257 3185">
     <span class='ocr_line' id='line_1_19' title="bbox 368 2758 1256 2859; baseline 0.008 -29"><span class='ocrx_word' id='word_1_117' title='bbox 368 2773 395 2849; x_wconf 87' lang='lat' dir='ltr'><strong>l)</strong></span> <span class='ocrx_word' id='word_1_118' title='bbox 440 2792 469 2850; x_wconf 94' lang='lat' dir='ltr'><strong>p.</strong></span> <span class='ocrx_word' id='word_1_119' title='bbox 510 2771 563 2830; x_wconf 62' lang='lat'><strong>28.</strong></span> <span class='ocrx_word' id='word_1_120' title='bbox 606 2771 684 2830; x_wconf 82' lang='lat' dir='ltr'><strong>Haeo</strong></span> <span class='ocrx_word' id='word_1_121' title='bbox 708 2771 766 2831; x_wconf 82' lang='lat' dir='ltr'><strong>scra</strong></span> <span class='ocrx_word' id='word_1_122' title='bbox 800 2771 850 2833; x_wconf 88' lang='lat' dir='ltr'><strong>snit</strong></span> <span class='ocrx_word' id='word_1_123' title='bbox 883 2773 1052 2859; x_wconf 83' lang='lat' dir='ltr'><strong>Koppii</strong></span> <span class='ocrx_word' id='word_1_124' title='bbox 1086 2758 1198 2856; x_wconf 74' lang='lat' dir='ltr'><strong>quoquc</strong></span> <span class='ocrx_word' id='word_1_125' title='bbox 1221 2779 1256 2839; x_wconf 85' lang='lat' dir='ltr'><strong>dn</strong></span> 
     </span>
     <span class='ocr_line' id='line_1_20' title="bbox 325 2880 1256 2963; baseline 0.003 -23"><span class='ocrx_word' id='word_1_126' title='bbox 325 2880 516 2943; x_wconf 85' lang='lat' dir='ltr'><strong>acroamaticis</strong></span> <span class='ocrx_word' id='word_1_127' title='bbox 543 2880 677 2940; x_wconf 81' lang='lat' dir='ltr'><strong>sententia</strong></span> <span class='ocrx_word' id='word_1_128' title='bbox 694 2900 701 2939; x_wconf 74' lang='grc' dir='ltr'><strong>ε</strong></span> <span class='ocrx_word' id='word_1_129' title='bbox 748 2881 862 2942; x_wconf 82' lang='lat' dir='ltr'><strong>aDicsa</strong></span> <span class='ocrx_word' id='word_1_130' title='bbox 887 2883 1256 2963; x_wconf 48' lang='lat' dir='ltr'><strong>alroamatischensschris-</strong></span> 
     </span>
     <span class='ocr_line' id='line_1_21' title="bbox 326 2989 1256 3081; baseline 0.001 -30"><span class='ocrx_word' id='word_1_131' title='bbox 326 3006 373 3051; x_wconf 84' lang='lat' dir='ltr'><strong>ten</strong></span> <span class='ocrx_word' id='word_1_132' title='bbox 415 2992 464 3050; x_wconf 83' lang='lat' dir='ltr'><strong>des</strong></span> <span class='ocrx_word' id='word_1_133' title='bbox 492 2989 788 3053; x_wconf 75' lang='lat' dir='ltr'><strong>Aristotcles</strong></span> <span class='ocrx_word' id='word_1_134' title='bbox 832 3011 925 3053; x_wconf 84' lang='lat' dir='ltr'><strong>waren</strong></span> <span class='ocrx_word' id='word_1_135' title='bbox 959 2997 1175 3081; x_wconf 57' lang='lat' dir='ltr'><strong>transnatari,</strong></span> <span class='ocrx_word' id='word_1_136' title='bbox 1216 2995 1256 3055; x_wconf 83' lang='lat' dir='ltr'><strong>sic</strong></span> 
     </span>
     <span class='ocr_line' id='line_1_22' title="bbox 325 3096 1257 3185; baseline 0.003 -23"><span class='ocrx_word' id='word_1_137' title='bbox 325 3122 417 3162; x_wconf 80' lang='lat' dir='ltr'>waren</span> <span class='ocrx_word' id='word_1_138' title='bbox 448 3096 644 3161; x_wconf 86' lang='lat' dir='ltr'><strong>Contmontarii</strong></span> <span class='ocrx_word' id='word_1_139' title='bbox 673 3101 868 3185; x_wconf 77' lang='lat' dir='ltr'><strong>(Handbtichcr</strong></span> <span class='ocrx_word' id='word_1_140' title='bbox 891 3101 932 3159; x_wconf 89' lang='lat' dir='ltr'><strong>als</strong></span> <span class='ocrx_word' id='word_1_141' title='bbox 960 3100 1117 3181; x_wconf 81' lang='lat' dir='ltr'><strong>Grundlago</strong></span> <span class='ocrx_word' id='word_1_142' title='bbox 1140 3124 1173 3162; x_wconf 89' lang='lat' dir='ltr'><strong>zu</strong></span> <span class='ocrx_word' id='word_1_143' title='bbox 1198 3105 1257 3165; x_wconf 81' lang='lat' dir='ltr'><strong>sci-</strong></span> 
     </span>
    </p>
   </div>
   <div class='ocr_carea' id='block_1_5' title="bbox 326 3208 1259 3837">
    <p class='ocr_par' dir='ltr' id='par_1_6' title="bbox 326 3208 1259 3837">
     <span class='ocr_line' id='line_1_23' title="bbox 326 3208 1257 3295; baseline 0.003 -21"><span class='ocrx_word' id='word_1_144' title='bbox 326 3235 381 3274; x_wconf 87' lang='lat' dir='ltr'><strong>nen</strong></span> <span class='ocrx_word' id='word_1_145' title='bbox 393 3212 615 3288; x_wconf 80' lang='lat' dir='ltr'><strong>Vorlesungen)‚</strong></span> <span class='ocrx_word' id='word_1_146' title='bbox 638 3230 731 3270; x_wconf 80' lang='lat' dir='ltr'>waren</span> <span class='ocrx_word' id='word_1_147' title='bbox 750 3208 889 3271; x_wconf 83' lang='lat' dir='ltr'><strong>viellcicht</strong></span> <span class='ocrx_word' id='word_1_148' title='bbox 909 3215 1083 3295; x_wconf 76' lang='lat' dir='ltr'><strong>ausgegcben</strong></span> <span class='ocrx_word' id='word_1_149' title='bbox 1105 3216 1146 3277; x_wconf 82' lang='lat' dir='ltr'><strong>als</strong></span> <span class='ocrx_word' id='word_1_150' title='bbox 1159 3216 1257 3277; x_wconf 86' lang='lat' dir='ltr'><strong>Hand-</strong></span> 
     </span>
     <span class='ocr_line' id='line_1_24' title="bbox 327 3320 1257 3395; baseline 0.003 -11"><span class='ocrx_word' id='word_1_151' title='bbox 327 3320 423 3384; x_wconf 82' lang='lat' dir='ltr'><strong>schrilt</strong></span> <span class='ocrx_word' id='word_1_152' title='bbox 446 3320 490 3378; x_wconf 75' lang='lat' dir='ltr'><strong>lin</strong></span> <span class='ocrx_word' id='word_1_153' title='bbox 515 3320 590 3379; x_wconf 85' lang='lat' dir='ltr'><strong>scine</strong></span> <span class='ocrx_word' id='word_1_154' title='bbox 614 3320 757 3395; x_wconf 76' lang='lat' dir='ltr'><strong>Zohorer,</strong></span> <span class='ocrx_word' id='word_1_155' title='bbox 798 3321 868 3380; x_wconf 85' lang='lat' dir='ltr'><strong>oder</strong></span> <span class='ocrx_word' id='word_1_156' title='bbox 888 3320 940 3382; x_wconf 86' lang='lat' dir='ltr'><strong>wie</strong></span> <span class='ocrx_word' id='word_1_157' title='bbox 961 3338 1038 3385; x_wconf 90' lang='lat' dir='ltr'><strong>sonst</strong></span> <span class='ocrx_word' id='word_1_158' title='bbox 1059 3326 1187 3387; x_wconf 81' lang='lat' dir='ltr'><strong>dicscrlci</strong></span> <span class='ocrx_word' id='word_1_159' title='bbox 1206 3328 1257 3387; x_wconf 84' lang='lat' dir='ltr'><strong>Ti-</strong></span> 
     </span>
     <span class='ocr_line' id='line_1_25' title="bbox 328 3425 1254 3517; baseline 0.011 -29"><span class='ocrx_word' id='word_1_160' title='bbox 328 3428 367 3490; x_wconf 85' lang='lat' dir='ltr'><strong>tcl</strong></span> <span class='ocrx_word' id='word_1_161' title='bbox 388 3429 471 3488; x_wconf 81' lang='lat' dir='ltr'><strong>heuto</strong></span> <span class='ocrx_word' id='word_1_162' title='bbox 496 3446 529 3486; x_wconf 82' lang='lat' dir='ltr'><strong>zo</strong></span> <span class='ocrx_word' id='word_1_163' title='bbox 552 3427 627 3505; x_wconf 77' lang='lat' dir='ltr'><strong>&#39;laga</strong></span> <span class='ocrx_word' id='word_1_164' title='bbox 655 3425 784 3487; x_wconf 83' lang='lat' dir='ltr'><strong>laoten.’&#39;</strong></span> <span class='ocrx_word' id='word_1_165' title='bbox 825 3426 926 3491; x_wconf 80' lang='lat' dir='ltr'><strong>Rhoin.</strong></span> <span class='ocrx_word' id='word_1_166' title='bbox 961 3432 1033 3494; x_wconf 84' lang='lat' dir='ltr'><strong>Mus.</strong></span> <span class='ocrx_word' id='word_1_167' title='bbox 1063 3436 1124 3512; x_wconf 83' lang='lat' dir='ltr'><strong>tlt,</strong></span> <span class='ocrx_word' id='word_1_168' title='bbox 1155 3438 1190 3504; x_wconf 88' lang='lat'><strong>1,</strong></span> <span class='ocrx_word' id='word_1_169' title='bbox 1224 3458 1254 3517; x_wconf 88' lang='lat' dir='ltr'><strong>p.</strong></span> 
     </span>
     <span class='ocr_line' id='line_1_26' title="bbox 331 3534 1258 3616; baseline 0.011 -17"><span class='ocrx_word' id='word_1_170' title='bbox 331 3539 401 3599; x_wconf 70' lang='grc'><strong>102.</strong></span> <span class='ocrx_word' id='word_1_171' title='bbox 446 3538 486 3616; x_wconf 68' lang='lat'><strong>(2)</strong></span> <span class='ocrx_word' id='word_1_172' title='bbox 508 3536 651 3615; x_wconf 71' lang='lat' dir='ltr'><strong>Binan,</strong></span> <span class='ocrx_word' id='word_1_173' title='bbox 674 3556 706 3616; x_wconf 84' lang='lat' dir='ltr'><strong>p.</strong></span> <span class='ocrx_word' id='word_1_174' title='bbox 729 3539 788 3599; x_wconf 66' lang='lat'><strong>29:</strong></span> <span class='ocrx_word' id='word_1_175' title='bbox 799 3538 875 3603; x_wconf 78' lang='lat' dir='ltr'><strong>llaec</strong></span> <span class='ocrx_word' id='word_1_176' title='bbox 895 3556 986 3606; x_wconf 81' lang='lat' dir='ltr'><strong>autem</strong></span> <span class='ocrx_word' id='word_1_177' title='bbox 1007 3546 1069 3607; x_wconf 91' lang='lat' dir='ltr'><strong>loca</strong></span> <span class='ocrx_word' id='word_1_178' title='bbox 1096 3534 1182 3610; x_wconf 69' lang='lat' dir='ltr'><strong>relata</strong></span> <span class='ocrx_word' id='word_1_179' title='bbox 1202 3571 1258 3611; x_wconf 89' lang='lat' dir='ltr'><strong>non</strong></span> 
     </span>
     <span class='ocr_line' id='line_1_27' title="bbox 326 3646 1256 3736; baseline 0.011 -26"><span class='ocrx_word' id='word_1_180' title='bbox 326 3649 379 3710; x_wconf 86' lang='lat' dir='ltr'><strong>nisi</strong></span> <span class='ocrx_word' id='word_1_181' title='bbox 400 3660 519 3727; x_wconf 80' lang='lat' dir='ltr'><strong>postea,</strong></span> <span class='ocrx_word' id='word_1_182' title='bbox 548 3648 607 3708; x_wconf 80' lang='lat' dir='ltr'><strong>siva</strong></span> <span class='ocrx_word' id='word_1_183' title='bbox 632 3646 821 3728; x_wconf 74' lang='lat' dir='ltr'><strong>atiratpatts,</strong></span> <span class='ocrx_word' id='word_1_184' title='bbox 852 3653 910 3714; x_wconf 80' lang='lat' dir='ltr'><strong>sive</strong></span> <span class='ocrx_word' id='word_1_185' title='bbox 942 3675 957 3715; x_wconf 90' lang='lat' dir='ltr'><strong>a</strong></span> <span class='ocrx_word' id='word_1_186' title='bbox 984 3658 1256 3736; x_wconf 80' lang='lat' dir='ltr'><strong>commentatoribus,</strong></span> 
     </span>
     <span class='ocr_line' id='line_1_28' title="bbox 328 3758 1259 3837; baseline 0.011 -18"><span class='ocrx_word' id='word_1_187' title='bbox 328 3758 524 3820; x_wconf 83' lang='lat' dir='ltr'><strong>commodioris</strong></span> <span class='ocrx_word' id='word_1_188' title='bbox 551 3758 783 3835; x_wconf 78' lang='lat' dir='ltr'><strong>interpretationis</strong></span> <span class='ocrx_word' id='word_1_189' title='bbox 810 3763 897 3837; x_wconf 78' lang='lat' dir='ltr'><strong>gratia</strong></span> <span class='ocrx_word' id='word_1_190' title='bbox 925 3763 1084 3826; x_wconf 77' lang='lat' dir='ltr'><strong>intercalata</strong></span> <span class='ocrx_word' id='word_1_191' title='bbox 1119 3787 1181 3828; x_wconf 85' lang='lat' dir='ltr'><strong>esse</strong></span> <span class='ocrx_word' id='word_1_192' title='bbox 1218 3771 1259 3831; x_wconf 89' lang='lat' dir='ltr'><strong>vi-</strong></span> 
     </span>
    </p>
   </div>
   <div class='ocr_carea' id='block_1_6' title="bbox 328 3867 1257 4056">
    <p class='ocr_par' dir='ltr' id='par_1_7' title="bbox 328 3867 1257 4056">
     <span class='ocr_line' id='line_1_29' title="bbox 329 3867 1257 3959; baseline 0.012 -30"><span class='ocrx_word' id='word_1_193' title='bbox 329 3871 439 3929; x_wconf 81' lang='lat' dir='ltr'><strong>dentur.</strong></span> <span class='ocrx_word' id='word_1_194' title='bbox 485 3867 527 3945; x_wconf 76' lang='grc' dir='ltr'><strong>(ὅ)</strong></span> <span class='ocrx_word' id='word_1_195' title='bbox 554 3867 621 3927; x_wconf 80' lang='lat' dir='ltr'><strong>Ero.</strong></span> <span class='ocrx_word' id='word_1_196' title='bbox 655 3868 705 3928; x_wconf 88' lang='lat' dir='ltr'><strong>Vll</strong></span> <span class='ocrx_word' id='word_1_197' title='bbox 730 3870 766 3929; x_wconf 87' lang='lat' dir='ltr'><strong>ad</strong></span> <span class='ocrx_word' id='word_1_198' title='bbox 795 3869 869 3930; x_wconf 86' lang='lat' dir='ltr'><strong>Cic.</strong></span> <span class='ocrx_word' id='word_1_199' title='bbox 900 3872 936 3932; x_wconf 86' lang='lat' dir='ltr'><strong>de</strong></span> <span class='ocrx_word' id='word_1_200' title='bbox 969 3874 1030 3934; x_wconf 89' lang='lat' dir='ltr'><strong>Fin.</strong></span> <span class='ocrx_word' id='word_1_201' title='bbox 1057 3896 1086 3955; x_wconf 85' lang='lat' dir='ltr'><strong>p.</strong></span> <span class='ocrx_word' id='word_1_202' title='bbox 1112 3878 1184 3938; x_wconf 79' lang='lat' dir='ltr'><strong>stt.</strong></span> <span class='ocrx_word' id='word_1_203' title='bbox 1217 3882 1257 3959; x_wconf 78' lang='lat' dir='ltr'><strong>(l)</strong></span> 
     </span>
     <span class='ocr_line' id='line_1_30' title="bbox 328 3973 1199 4056; baseline 0.006 -22"><span class='ocrx_word' id='word_1_204' title='bbox 328 3995 357 4056; x_wconf 85' lang='lat' dir='ltr'><strong>p.</strong></span> <span class='ocrx_word' id='word_1_205' title='bbox 385 3973 455 4034; x_wconf 77' lang='lat'><strong>861.</strong></span> <span class='ocrx_word' id='word_1_206' title='bbox 1195 4017 1199 4023; x_wconf 82' lang='lat'><strong>·</strong></span> 
     </span>
    </p>
   </div>
   <div class='ocr_carea' id='block_1_7' title="bbox 0 0 1487 4812">
    <p class='ocr_par' dir='ltr' id='par_1_8' title="bbox 0 0 1487 4812">
     <span class='ocr_line' id='line_1_31' title="bbox 0 0 1487 4812; baseline 0 0"><span class='ocrx_word' id='word_1_207' title='bbox 0 0 1487 4812; x_wconf 95' lang='lat' dir='ltr'><strong> </strong></span> 
     </span>
    </p>
   </div>
  </div>
 </body>
</html>
