2894 4896
747 371 809 440 lot

296 571 354 641 ta,
378 558 405 622 si
425 580 478 624 me
506 556 633 641 audias,
664 554 799 624 eandem
823 578 947 623 cansam
967 578 1057 642 agas,
1090 570 1185 647 teque
1207 572 1240 622 et

295 671 479 762 principem
503 672 628 757 uvam,
674 687 707 739 et
730 668 920 764 pontificem
937 692 1003 737 ease
1025 671 1162 757 cogites,
1183 686 1239 754 et,

295 787 450 876 quoniam
471 786 507 853 iu
538 802 707 878 utramque
739 802 862 877 partem
896 785 984 853 robis
1018 781 1092 852 lieet
1123 781 1240 876 dispu-

295 916 383 986 tare,
404 900 489 971 hane
506 904 613 995 potins
637 926 764 989 sumas,
786 925 920 993 eamque
941 898 1121 970 facultatem
1140 897 1240 966 disse·

297 1013 413 1102 tundi,
450 1041 550 1108 quam
584 1017 680 1087 tibia
704 1017 869 1085 rhetoricis
889 1016 1164 1084 exercitationibus
1183 1037 1240 1081 ac·

299 1146 426 1220 ceptam
453 1130 660 1223 amplificavit
682 1129 879 1218 Academia,
909 1132 976 1200 hnc
998 1131 1103 1225 potius
1127 1128 1243 1198 conse-

298 1246 390 1312 ras.'’
412 1246 461 1312 De
485 1270 550 1336 qua
569 1247 733 1314 Cottae
755 1243 968 1338 disputatione
989 1245 1155 1314 Cicero
1179 1242 1242 1310 hoc

301 1358 374 1427 tulit
406 1357 567 1449 judicium
599 1360 672 1450 (l)a
721 1362 827 1452 „lpse
855 1362 992 1428 Cotta
1013 1359 1057 1426 sic
1080 1355 1244 1451 disputat,

301 1496 340 1547 ut
361 1478 539 1549 Stoicorum
559 1482 655 1568 magis
686 1494 870 1568 argumenta
886 1477 1049 1561 confutet,
1075 1501 1173 1565 quam
1181 1476 1246 1544 ho·

303 1597 428 1667 minum
449 1595 549 1666 deleat
569 1597 783 1686 religionem.''
1073 1667 1076 1673 ,

352 1709 493 1779 Similem
523 1728 620 1804 atque
653 1715 687 1778 in
705 1712 796 1780 libris
814 1710 856 1778 de
874 1712 993 1778 Natura
1017 1712 1156 1779 mosum
1191 1735 1247 1778 ra-

307 1824 450 1909 tionem,
474 1827 633 1894 Cicero
652 1828 687 1893 in
710 1825 799 1896 libris
824 1824 866 1893 de
879 1827 1098 1910 Divinatione,
1122 1828 1156 1892 in
1168 1827 1247 1916 qni-

306 1942 367 2011 bus
391 1943 579 2034 Quintus
597 1942 725 2026 Stoica,
747 1945 815 2036 ipse
835 1944 944 2011 veteris
966 1941 1155 2012 Academiae
1175 1942 1247 2035 pla·

309 2059 371 2126 cita
402 2057 444 2126 (le
466 2057 678 2143 divinatione,
711 2084 794 2153 quae
815 2083 889 2128 cum
918 2060 1133 2150 Peripateticis
1165 2083 1247 2129 eon-

310 2177 452 2244 sentiunt
472 2174 540 2267 (2),
576 2192 702 2261 tuetur,
726 2200 759 2244 se
779 2193 924 2247 secutnm
944 2199 1029 2259 ease,
1050 2176 1143 2243 initio
1161 2178 1249 2260 trag·

311 2293 411 2357 manti
446 2289 488 2355 de
535 2293 613 2358 Fato
643 2290 693 2381 (3)
725 2290 933 2378 significarit:
979 2292 1051 2375 „ln
1083 2289 1142 2358 illis
1164 2289 1250 2358 libris

311 2402 396 2486 feci,
418 2405 476 2492 qni
495 2420 571 2471 sunt
589 2402 631 2472 de
649 2421 762 2473 ¹natura
782 2407 941 2475 Deorum:
973 2406 1114 2497 itemque
1136 2406 1171 2471 in
1192 2406 1251 2486 iis,

316 2540 398 2610 quos
418 2516 460 2585 de
482 2515 675 2588 divinatione
696 2517 808 2605 edidi,
828 2538 864 2588 nt
886 2524 920 2588 in
942 2535 1252 2615 utramquepartem

315 2655 471 2732 perpetua
489 2640 700 2733 explicaretur
717 2642 838 2724 oratio,
863 2666 928 2733 quo
951 2642 1071 2709 facilius
1091 2639 1124 2709 id
1136 2667 1153 2709 a
1164 2665 1250 2732 quo·

318 2781 382 2847 que
410 2758 624 2846 probaretur,
662 2755 751 2848 qnod
784 2758 899 2849 cuique
934 2759 1069 2825 maxime
1091 2755 1255 2849 probabile

316 2868 515 2942 videretur.''
559 2866 706 2945 Elucebit
735 2872 799 2942 hoc
822 2875 955 2941 maxime
974 2875 998 2940 si
1011 2873 1252 2960 magiscouten·

319 2989 394 3057 tiosa
418 2990 579 3081 Quinti
613 2988 785 3082 disputatio
816 3014 890 3057 cnm
911 2990 1056 3057 uberiore
1077 2990 1253 3059 Cicero·

319 3109 406 3190 nis,
433 3107 511 3197 qni,
536 3122 573 3172 nt
604 3108 703 3172 Piso
725 3108 760 3172 in
782 3107 935 3188 Finibus,
970 3108 1103 3174 Cotta
1125 3105 1168 3173 de
1186 3107 1254 3173 Na-

319 3245 389 3290 tura
417 3224 574 3301 Deorum,
610 3237 784 3288 ceterarum
817 3238 973 3291 sectarum
990 3224 1158 3289 sententias
1184 3224 1257 3312 pri·

319 3363 411 3406 mum
446 3352 609 3417 recenset,
639 3354 848 3427 comparetur.
902 3314 926 3422 „
941 3339 1099 3407 Aeourate
1121 3356 1157 3406 tu
1180 3338 1257 3428 qui-

321 3454 444 3535 dem’',
466 3454 573 3545 inquit
592 3451 822 3544 Ciocero(4),
852 3454 1063 3545 „Quinte,
1086 3472 1118 3520 et
1142 3454 1259 3522 Stoi·

321 3631 563 3653 W*-

365 3742 406 3821 (l)
429 3743 463 3803 da
494 3741 557 3801 Div.
595 3742 618 3818 l,
660 3743 691 3802 5.
714 3741 760 3804 ct.
783 3742 955 3817 Krische,
979 3739 1163 3822 imprimisp.
1189 3735 1209 3794 9
1235 3735 1263 3792 in

324 3868 391 3916 noa-a
429 3866 458 3912 ot
491 3874 521 3931 p.
569 3854 617 3913 tl.
663 3854 702 3932 (t)
740 3854 774 3915 dc
811 3854 873 3915 Div.
899 3853 922 3929 l,
950 3853 979 3917 5,
1023 3853 1062 3931 (5,
1085 3870 1111 3912 c.
1143 3849 1171 3908 t.
1224 3846 1263 3924 (t)

322 3966 360 4042 ll,
387 3964 418 4022 ὅ.
