2930 4812
757 391 800 458 32

302 573 488 645 devinxerat
505 575 576 664 (l),
596 573 774 644 studiorum
795 597 924 642 suorum
933 577 1033 645 socios
1049 600 1112 645 csse
1132 578 1239 649 voluit.

301 694 415 782 Quum
440 693 601 760 Cicero
620 691 777 780 imprimis
798 687 946 757 admirmi
970 690 1082 761 soleret
1102 692 1240 764 Attici

302 806 530 897 prudentiam,
550 805 817 891 moderationem,
840 807 982 875 criticnn
1004 807 1148 887 historice
1169 824 1240 877 tm·

304 921 437 992 ctandae
461 922 641 1006 rationem,
668 919 829 1014 quidquid
855 924 974 991 tamin
995 926 1096 1015 ¹rebus
1112 925 1242 1017 privatis

302 1061 400 1128 quam
432 1038 466 1104 in
498 1035 636 1128 puhlicis
664 1037 793 1124 negotiis
826 1037 887 1104 sthi
908 1035 1147 1129 suscipiendum
1174 1062 1240 1109 este

300 1151 456 1237 duxerat,
480 1155 549 1238 ejus
580 1174 704 1241 semper
739 1150 864 1219 consilia
886 1152 1039 1243 expetiit,
1072 1152 1239 1244 alueoque

298 1270 438 1339 monitus
457 1267 544 1335 haud
563 1293 634 1335 raro
657 1269 767 1334 initam
788 1268 869 1333 viam
890 1265 1021 1359 reliquit
1036 1265 1097 1357 (2).
1137 1268 1238 1362 Saepe

300 1386 515 1452 Ciceroni
546 1380 917 1452 Atticusscrihendi
938 1398 1047 1450 auctor
1066 1398 1099 1448 et
1119 1385 1239 1452 oratio·

300 1526 380 1569 num
407 1498 509 1589 judex
531 1499 580 1587 (3)
607 1499 690 1580 suit,
723 1519 969 1587 nonnumquam
997 1498 1089 1565 etiam
1112 1500 1147 1565 in
1170 1501 1238 1586 ejus

299 1616 425 1705 dialogis
457 1617 657 1706 Epicuri
687 1612 923 1706 placitaturus
947 1629 995 1680 est
1017 1611 1090 1701 (t),
1124 1614 1168 1679 ita
1198 1630 1237 1681 ut

298 1731 433 1823 difficile
453 1732 493 1796 sit
514 1746 669 1814 statuere,
687 1729 838 1797 amicitiae
860 1753 901 1795 an
920 1727 1098 1796 studiorum
1119 1730 1235 1796 vincu-

299 1849 367 1917 lum
387 1864 563 1936 utrumqne
580 1845 694 1912 arctius
717 1844 949 1912 constrinxerit.

342 1963 495 2054 Quamvis
555 1961 743 2028 Atticus
809 1959 995 2049 principum
1047 1957 1228 2051 Epicureo·

298 2100 371 2146 rum
404 2075 476 2168 (t),
504 2077 720 2145 Petronis
742 2073 1235 2161 etPhaedri,scholasim·

298 2199 409 2292 primis
432 2197 706 2289 frequentaverat,
735 2195 1017 2265 Antiochum
1051 2194 1101 2287 (6)
1131 2213 1235 2263 tamen

300 2339 364 2382 una
390 2339 465 2382 cum
487 2316 711 2380 Cicerone
733 2310 878 2394 audivit,
907 2327 939 2377 ct
957 2312 1236 2402 Peripateticorum

299 2430 545 2521 philosophiam,
567 2456 583 2495 a
606 2455 660 2497 sua
682 2432 762 2497 vitae
780 2431 901 2498 ratione
920 2447 953 2498 et
972 2431 1118 2500 historiae
1130 2420 1256 2499 studio¹

298 2545 386 2615 haud
417 2547 563 2631 alienam,
590 2547 720 2613 minime
741 2546 885 2634 neglexit
931 2596 953 2630 „
964 2547 1050 2615 Malo
1060 2550 1094 2630 ,”
1127 2552 1169 2617 ita
1193 2548 1235 2616 ad

299 2664 512 2732 Atticum
552 2664 662 2731 scribit
703 2664 863 2730 Cicero
905 2662 975 2752 (7),
1004 2666 1073 2748 „in
1107 2664 1157 2730 illa
1183 2683 1234 2732 tua

343 2916 383 2993 (l)
414 2915 450 2975 ad
474 2916 542 2975 Eam
584 2914 656 2982 11111,
682 2916 735 2995 Ep.
764 2919 791 2976 1.
838 2916 878 2994 (El
901 2917 936 2977 nd
964 2916 1033 2977 htt.
1060 2920 1082 2985 1,
1106 2918 1160 2998 Ep.
1187 2920 1233 2985 17,

299 3025 333 3108 §-
355 3025 386 3102 5,
416 3025 453 3086 de
480 3025 546 3087 San.
572 3047 599 3087 c.
632 3030 648 3087 1
675 3040 704 3088 et
735 3029 797 3087 loca
829 3046 845 3085 e
875 3025 945 3086 Cic.
969 3026 1042 3105 Epp.
1067 3027 1103 3087 ad
1141 3027 1232 3103 Att,

300 3153 371 3213 quae
386 3133 532 3212 diligenter
558 3135 670 3212 collegit
690 3133 898 3200 Hullemnn.
919 3135 992 3196 Diat.
1011 3138 1039 3196 in
1058 3137 1092 3197 Τ.
1114 3138 1230 3220 Pomp.

298 3246 376 3302 htt.
416 3262 446 3320 p.
479 3243 652 3300 109-115.
706 3243 746 3318 (5)
777 3242 813 3302 ad
844 3243 973 3322 Atel,
1004 3247 1058 3327 Ep.
1097 3250 1146 3311 15.
1192 3251 1232 3329 (l)

299 3350 421 3424 Brut,
453 3368 481 3406 c.
508 3350 538 3424 5,
574 3349 594 3408 l
621 3360 649 3409 et
684 3348 739 3416 87,
772 3348 852 3411 Orat.
885 3371 912 3412 c.
943 3354 997 3431 51,
1024 3356 1119 3417 Lael.
1151 3377 1179 3419 c.
1205 3361 1232 3425 l,

298 3459 382 3518 Tusc.
406 3457 428 3523 l,
458 3458 489 3532 5,
517 3456 612 3535 ibique
644 3457 825 3519 Davisius
852 3473 881 3520 et
909 3460 1081 3541 Raphatt
1116 3465 1234 3526 Kush-

298 3584 378 3640 ner,
395 3562 510 3623 adlltt.
528 3564 549 3630 l,
570 3562 624 3643 Ep.
644 3566 692 3642 15,
706 3566 752 3633 lV,
766 3566 820 3646 Ep.
845 3569 894 3645 16,
912 3566 962 3646 Vl,
976 3570 1029 3649 Ep.
1046 3572 1072 3638 l,
1087 3570 1146 3640 Vll,
1157 3574 1232 3652 Epp.

300 3673 361 3734 Est
375 3674 406 3741 5,
426 3672 500 3749 11111,
530 3673 602 3752 Epp.
621 3675 669 3742 11,
692 3675 741 3752 18,
772 3676 818 3744 19,
845 3678 896 3753 25,
912 3672 962 3746 15,
983 3679 1035 3757 55,
1057 3676 1132 3756 xvl,
1158 3681 1231 3758 Epp.

302 3786 387 3843 liet
414 3782 461 3842 tt.
481 3781 531 3842 (11.Ι
558 3782 655 3843 llull.
680 3783 756 3845 0.1.
790 3804 821 3864 p.
849 3785 908 3846 180
925 3805 988 3867 sqq.
1019 3788 1072 3865 ’(5)
1097 3787 1133 3847 ad
1151 3787 1232 3846 Fam.

299 3891 500 3970 Xlll,Ep.⁷l,
527 3892 639 3953 chiu.
661 3895 684 3970 l,
707 3896 738 3954 5.
782 3893 822 3972 (6)
847 3896 962 3957 deEin.
990 3897 1025 3974 V,
1051 3898 1079 3972 l,
1096 3896 1131 3957 de
1144 3896 1232 3975 Legg

297 4002 393 4079 151.
437 4004 477 4080 (7)
503 4004 625 4065 allia.
656 4005 703 4081 lV,
728 4005 788 4083 Ep.
818 4006 865 4065 l0.
