2918 4814
646 424 708 493 163

193 600 259 670 tirir
280 601 493 675 Antiocho
512 602 657 677 familiari
678 629 820 679 moo.·-·
840 610 889 679 M.
911 608 970 685 vir
995 609 1052 687 iate
1073 610 1136 681 frit
1260 613 1263 619 ’

193 715 243 787 ilie
273 715 406 808 quidem
435 719 581 815 prudens
618 738 652 788 et
681 737 792 793 eentoa
829 738 862 793 et
882 724 918 793 in
940 745 998 791 ouo
1019 745 1136 811 genere

193 838 375 928 pottsooturt,
408 841 579 932 mihique,
613 856 650 907 ut
682 842 757 917 seia,
792 837 969 909 familiosior
1007 842 1060 911 etti
1081 859 1133 911 ta·

193 976 270 1023 rnen
290 978 350 1041 ogo
379 958 528 1029 annotina
548 958 583 1025 in
604 956 774 1038 omnibus,
805 967 907 1026 neone
939 979 1013 1025 mox
1040 955 1133 1025 ride-

150 1142 152 1145 .
195 1091 258 1151 τος
283 1068 346 1143 hoo
367 1069 464 1153 dieo,
487 1073 728 1143 controvertiam
752 1086 850 1141 totam
871 1071 1063 1165 iatampeoe
1079 1094 1133 1138 ae-

193 1183 287 1255 daat'
325 1185 386 1273 (i).
452 1186 639 1273 intelligitur
676 1208 715 1252 ex
750 1184 801 1252 hio
832 1207 931 1276 qnare
963 1185 1132 1265 Cicero

193 1298 490 1383 Antiochum,
530 1299 754 1391 Peripateticae
788 1300 959 1371 sententiae
989 1298 1134 1391 proxime

191 1411 416 1499 aceedeatan,
437 1418 643 1506 antiquorum
664 1414 777 1507 phoita
796 1412 1028 1509 diligentissime
1050 1440 1130 1510 pet-

192 1545 378 1618 toquentem
414 1528 485 1616 (2),
518 1528 581 1597 hoe
610 1528 724 1617 quinto
754 1527 839 1597 libro
859 1527 901 1594 de
920 1530 1072 1613 Finibus,
1094 1532 1131 1597 in

190 1644 365 1730 gravissima
385 1641 436 1709 illa
458 1616 499 1709 de
519 1664 644 1709 oummo
665 1642 751 1709 bono
775 1623 973 1732 quaestione,
996 1643 1132 1725 maxime

191 1773 317 1833 mantus
335 1759 400 1842 ait3
424 1781 523 1848 quare
546 1754 700 1827 librorum
725 1756 991 1827 Academicorum
1009 1756 1128 1853 dispo-

191 1873 341 1943 tationem
372 1895 414 1941 ex
442 1869 553 1939 eodem
591 1870 837 1948 Antiocho.
869 1871 943 1941 libri
972 1872 1057 1939 tertii
1086 1871 1130 1947 de

189 1989 308 2071 Natura
329 1991 490 2072 Deorum,
511 1985 642 2056 morandi
655 1985 696 2054 de
709 1987 929 2068 Divinatione,
950 1986 1024 2054 libri
1034 1988 1130 2056 etiam

189 2099 232 2168 de
265 2106 342 2171 Fato
373 2128 413 2172 ex
445 2103 671 2187 Carneade,
703 2101 857 2170 librorum
886 2100 928 2169 de
946 2102 1069 2169 Officiis
1089 2124 1130 2171 ex

187 2220 403 2286 Panaetio
424 2222 557 2311 ejusque
574 2216 732 2316 discipulo
752 2217 990 2297 Posidonio
1010 2218 1127 2287 haute·

185 2336 227 2401 rit
250 2331 309 2421 (3).

231 2448 496 2538 Madvigius,
521 2448 772 2517 Antiochea
793 2447 866 2530 illo,
891 2470 989 2539 quem
1010 2465 1122 2535 rotat,

187 2588 275 2659 onore
303 2583 340 2632 ut
378 2568 576 2633 munimento
611 2587 707 2649 usus,
729 2562 771 2630 ad
793 2562 884 2631 hune
908 2566 1013 2631 omnia
1034 2566 1122 2631 rele-

186 2703 259 2746 rens
295 2704 507 2770 quaeeunque
543 2702 632 2746 onam
652 2679 842 2747 sententiam
870 2682 991 2770 possint
1021 2677 1121 2746 infir-

90 2824 93 2828 ’
187 2822 296 2880 mare,
328 2816 421 2885 negat
457 2798 714 2865 Aristoteli
758 2799 872 2866 summi
906 2800 983 2866 honi
1020 2798 1122 2870 finem

183 2914 299 2981 sniaser
332 2916 465 2981 bonerto
487 2920 617 2999 vivere,
635 2916 812 3003 fruentem
833 2922 876 2986 ir'e
892 2920 1010 3002 robur,
1033 2942 1120 3007 qnae
1172 2930 1178 2943 “

171 3034 307 3120 primae
324 3031 450 3097 homini
464 3040 593 3098 notura
616 3034 769 3100 remittet
788 3032 860 3123 (4)3
886 3035 921 3102 itt
932 3033 1021 3105 libris
1030 3035 1118 3102 enim

222 3228 264 3302 (l)
286 3226 329 3287 Da
348 3246 448 3298 meaa,
470 3248 556 3309 quare
583 3230 718 3292 Cicero
738 3232 836 3295 mrum
868 3234 1118 3298 eontroreroiarum

179 3335 308 3412 iontem,
332 3348 362 3397 et
388 3338 454 3416 quid
477 3339 651 3418 philosophia
674 3341 793 3403 mantne
821 3341 970 3422 indigeret,
992 3343 1116 3409 invenire

179 3462 234 3505 non
260 3444 383 3524 potuerit
414 3445 621 3526 ritejudioarit
645 3448 882 3528 Tannemann,
913 3449 951 3511 0.
974 3453 996 3512 l.
1016 3451 1052 3529 V,
1081 3473 1114 3538 p.

181 3554 249 3615 tte.
293 3555 333 3632 (ἓ)
355 3555 392 3615 de
420 3555 482 3615 itin.
511 3555 546 3624 V,
574 3557 682 3619 ttius.
725 3560 768 3638 (ὅ)
789 3558 1051 3638 Gff.lluahuer,
1075 3561 1115 3629 0.

177 3665 199 3722 l.
224 3684 255 3742 p.
278 3664 441 3734 itt-tlt,
464 3666 655 3745 lleinertr‚
693 3670 790 3735 Verna.
827 3669 990 3747 Sohritien,
1024 3671 1048 3744 l,
1081 3690 1114 3748 p.

177 3774 250 3848 290,
274 3773 346 3841 titt,
373 3774 545 3853 liriaeho,
585 3776 621 3837 0.
659 3778 681 3837 l.
706 3798 737 3856 p.
763 3779 804 3838 53
829 3779 857 3838 in
884 3790 961 3856 nota,
981 3777 1054 3839 cto.
1078 3779 1114 3840 ad

175 3886 249 3944 Att.
275 3886 349 3963 xvt,
379 3886 451 3965 Epp.
481 3888 518 3946 tt
539 3899 568 3946 at
595 3888 645 3946 ii.
690 3888 731 3963 (l)
753 3887 823 3948 Ero.
850 3891 900 3954 tv.
927 3891 982 3953 Gff.
1005 3891 1115 3954 Cieo-

176 3994 274 4055 ronis
297 3996 359 4055 loen
387 4015 457 4072 qnae
482 3997 571 4055 attulit
590 4017 622 4073 p.
645 3994 706 4055 829
730 4010 758 4056 et
785 3995 858 4059 851.

931 4110 1000 4175 ll*
