2894 4896
773 415 814 480 66

340 592 541 667 Dialectices
569 608 656 669 ratio
683 607 719 667 in
745 604 864 667 ceteris
890 596 1060 667 Ciceronis
1080 602 1224 691 scrt‘prtis.

365 830 420 895 Ob
447 853 607 899 summum
629 829 803 899 dialectices
830 855 905 897 cum
927 830 1107 920 eloquentia
1129 833 1261 898 ceteris-

322 965 386 1031 que
418 941 570 1013 doctrinis
595 946 759 1015 vinculum
782 947 816 1010 in
840 945 906 1011 aliis
935 968 1067 1037 quoque
1094 947 1258 1014 Cicero·-

322 1059 384 1123 nis
413 1060 559 1151 scriptis,
591 1060 746 1151 imprimis
771 1084 848 1128 veto
869 1062 904 1125 in
928 1058 1017 1126 libris
1041 1059 1082 1127 de
1107 1064 1261 1143 Oratore,

322 1172 421 1241 multa
454 1173 626 1243 dialectices
666 1192 837 1267 praecepta
871 1173 1151 1265 deprehendimus.
1198 1180 1258 1242 In-

322 1286 469 1355 veniendi
505 1289 583 1357 adeo
614 1308 718 1379 partes
755 1288 926 1371 traduntur
957 1291 1157 1373 Antonio,
1204 1294 1262 1382 qui

322 1407 426 1471 omnia
436 1455 446 1488 ‚
470 1429 487 1470 e
507 1406 625 1497 quibus
645 1420 828 1491 argumenta
846 1403 885 1471 ad
893 1404 1043 1492 judicum
1057 1408 1174 1474 animos
1184 1431 1257 1473 mo-

321 1519 440 1589 vendos
466 1538 497 1587 et
529 1519 740 1589 conciliandos
763 1522 831 1587 erni
856 1522 997 1612 possint,
1036 1524 1255 1612 persequitur:

321 1638 476 1722 „Locis”
508 1639 595 1704 enim
626 1640 699 1722 „in
720 1654 826 1703 mente
850 1654 882 1702 et
909 1639 1092 1724 cogitatione
1116 1636 1253 1720 defixis,

319 1732 408 1815 etin
438 1753 523 1818 omni
547 1776 582 1817 re
605 1750 645 1818 ad
668 1749 843 1819 dicendum
867 1753 967 1844 posita
987 1752 1149 1835 encitatis,¹
1178 1751 1259 1817 nihil

320 1867 400 1949 erit,
425 1866 512 1959 quod
535 1885 689 1935 oratorem
710 1864 847 1954 effugere
869 1869 985 1958 possit,
1018 1893 1082 1934 non
1105 1867 1200 1935 modo
1224 1869 1257 1932 in

271 2048 277 2060 ,
319 1983 497 2050 forensibus
528 1982 828 2073 disceptationibus,
872 1982 925 2047 sed
960 1984 1091 2049 omnino
1132 1985 1164 2048 in
1195 1982 1258 2048 ulio

321 2123 434 2187 genere
455 2098 607 2167 dicendi”
633 2098 693 2189 (Ι).
739 2100 785 2165 Ut
810 2097 1053 2166 Aristoteles
1077 2100 1110 2163 in
1131 2099 1254 2166 Rheto-

320 2217 392 2283 ricis
426 2214 498 2303 (2),
534 2217 576 2281 ita
606 2217 768 2281 Cicero
803 2215 836 2277 in
869 2213 957 2280 libris
977 2212 1017 2278 de
1040 2217 1173 2280 Oratore
1196 2215 1256 2279 sub

320 2331 514 2398 Antonii
546 2324 679 2420 persona
702 2328 811 2394 endem
830 2330 977 2415 attingit,
1002 2353 1083 2417 quae
1107 2326 1202 2396 fusius
1222 2330 1256 2394 in

317 2444 406 2511 libris
428 2442 469 2509 de
489 2442 674 2511 inventione
699 2461 894 2535 exposuerat.

363 2561 476 2650 Quum
503 2558 717 2626 Antonius
747 2561 837 2625 initio
858 2583 929 2625 sune
952 2558 1171 2653 disputationis
1190 2556 1256 2626 duo

320 2693 445 2742 tantum
488 2676 590 2765 prima
633 2699 743 2760 genera
788 2676 1030 2766 quaestionum,
1066 2678 1098 2740 in
1136 2676 1253 2763 quibus

317 2793 495 2883 eloquentia
529 2806 722 2874 versaretur,
758 2817 859 2857 unum
892 2791 1077 2873 infinitum,
1118 2791 1252 2857 alterum

318 2927 465 2993 certum,
496 2933 559 2975 esse
590 2912 764 2993 statuisset3
797 2912 1048 2995 ,te1·tiumvero‚
1071 2937 1088 2975 a
1110 2912 1254 2978 Crasso

315 3027 399 3094 iibro
420 3027 525 3116 primo
545 3042 682 3109 tactum,
706 3028 745 3090 ab
767 3025 1021 3092 Aristotele
1045 3050 1174 3119 quoque
1187 3025 1249 3091 nd-

310 3146 486 3231 junctum,
508 3158 545 3206 ut
566 3142 672 3206 minus
696 3136 902 3205 necessarium
925 3141 1070 3225 rejiciens
1091 3141 1138 3208 rel
1152 3143 1255 3230 potius

312 3281 476 3324 secernens
499 3255 569 3342 (3),
607 3256 783 3319 suasionum
804 3274 973 3344 praecepta
997 3282 1070 3323 cum
1092 3256 1247 3324 laudatio-

312 3376 408 3441 nibus
433 3373 665 3459 conjunxisset3
704 3373 863 3439 Cicero
894 3372 942 3438 his
968 3376 1119 3441 Crassi
1148 3377 1251 3443 verbis

311 3515 398 3559 sunm
416 3488 603 3554 sententiam
624 3491 774 3582 expressit
793 3489 862 3580 (4):
911 3492 1018 3576 „Esse
1039 3492 1130 3558 etiam
1152 3516 1249 3579 genus
1306 3500 1308 3504 ’

310 3666 544 3683 Μ

350 3776 390 3851 ΙΙ)
413 3775 448 3833 de
469 3772 549 3833 Orat.
573 3773 607 3850 ΙΙ,
633 3776 685 3833 ΙΙ.
709 3773 754 3834 Cs.
782 3775 854 3851 disp.
882 3793 910 3832 n.
937 3793 968 3850 p.
1000 3773 1051 3832 st.
1069 3862 1075 3873 ἲ
1095 3774 1145 3851 (Ι)Ι
1162 3772 1247 3830 nnat.

307 3885 344 3960 ΙΙ,
373 3885 425 3943 25.
469 3886 510 3961 (ὅ)
532 3885 568 3944 de
596 3883 671 3945 Orat.
699 3883 734 3960 ΙΙ,
769 3886 806 3943 to
831 3883 934 3943 east.
981 3886 1020 3961 (Ι)
1044 3882 1113 3947 ibid.
1144 3884 1167 3961 Ι,
1195 3883 1246 3943 δΙ.

309 3995 361 4055 Cis.
390 3995 437 4062 ΙΙΙ,
467 3995 518 4062 st,
544 3995 578 4054 de
606 3996 663 4057 lnv.
690 3996 713 4071 1,
745 3995 775 4069 8,
807 3995 878 4072 Top.
907 4015 932 4054 c.
962 3994 1014 4053 nt.
