2894 4896
761 367 805 432 80

584 545 635 614 De
657 548 851 615 Aaistotelio
872 571 973 617 more.

359 770 429 851 Ad‘
443 782 527 847 hanc
555 781 764 866 gravissimam
795 782 1034 868 quaestionem,
1072 776 1249 855 dialectices

314 924 388 967 sum
418 894 597 985 eloquentia
637 894 862 980 conjunctione
893 895 1025 987 ipsaque
1050 895 1249 988 eloquentiae

315 1013 508 1102 expositione
540 1033 600 1100 pro
632 1023 721 1100 parte
741 1011 810 1096 jam
833 1008 988 1096 solutam,
1018 1013 1148 1081 uberius
1171 1039 1251 1107 pes.

316 1124 535 1207 tractandam,
564 1140 678 1215 sponte
698 1125 765 1205 via,
791 1150 887 1213 quam
910 1128 1039 1214 ingressi
1058 1152 1166 1197 sumus
1191 1154 1248 1198 nos

315 1242 477 1336 perduxit.
500 1241 695 1325 „Cicero”
720 1241 826 1323 enim,
849 1257 887 1306 ut
912 1244 1036 1310 monuit
1057 1244 1248 1312 Knehne-

317 1386 389 1430 rus
407 1361 469 1449 (l),
489 1361 557 1444 „in
579 1356 705 1446 dialogis
724 1360 786 1425 suis
810 1361 991 1427 seneticam
1010 1359 1142 1452 quidem
1167 1387 1248 1430 eon-

316 1495 363 1545 tra
396 1476 520 1543 alterius
553 1476 734 1566 opinionem
768 1472 941 1540 disserendi
991 1475 1253 1545 consuetudinem

316 1607 468 1683 sequutus
496 1605 562 1672 est,
592 1585 648 1654 sed
682 1605 786 1655 tamen
810 1589 906 1676 magis
926 1587 967 1655 ad
990 1591 1253 1660 Aristotelis

316 1708 470 1774 rationem
493 1705 655 1771 accessit.’'
670 1740 713 1754 -
735 1705 876 1785 „Hane”
901 1706 987 1772 enim
1000 1706 1179 1790 „subtiliter
1197 1711 1252 1776 in·

319 1816 496 1907 tetingandi
516 1835 548 1884 et
571 1814 786 1906 respondendi
801 1821 954 1887 tationem
972 1822 1072 1889 rarius
1096 1820 1252 1909 adhibuit,

318 1935 373 2004 md
397 1935 549 2028 copiosius
567 1931 730 2025 quoddam
752 1950 785 2000 et
806 1936 934 2002 uberius
956 1952 1051 2030 atque
1069 1937 1175 2005 susum
1192 1964 1252 2027 ge-

318 2090 380 2134 nua
408 2080 559 2158 sequutus
583 2080 649 2131 est:
676 2063 733 2155 qui
759 2079 825 2131 erat
849 2088 915 2133 mos
940 2058 1179 2156 'Apte-meinos?

364 2179 543 2275 Dependitis
580 2203 646 2247 nnn
667 2194 793 2247 tantum
815 2178 1076 2267 Aristotelis,
1108 2184 1163 2251 sed
1196 2183 1252 2249 di-

321 2295 516 2389 scipulorum
538 2294 631 2360 etiam
644 2290 791 2379 dialogis,
814 2313 987 2365 eveteaum
998 2300 1159 2366 sententiis
1171 2325 1257 2388 qua-

320 2414 365 2483 les
394 2414 513 2480 fuerint
529 2408 674 2499 judicare
696 2412 846 2497 cogimur.
879 2417 910 2481 Α
932 2414 1118 2484 Platonis
1138 2418 1257 2485 ratione

322 2526 605 2600 Aristotelem
638 2529 673 2592 in
717 2524 844 2614 dialogis
877 2527 1037 2597 dissedisse
1061 2562 1094 2615 ,⁸
1116 2548 1185 2601 tum
1217 2556 1257 2599 ex

236 2674 241 2683 ·
322 2646 405 2716 varia
435 2644 600 2734 utriusque
627 2641 877 2731 philosophandi
893 2648 1035 2730 ratione,
1060 2671 1100 2715 ex
1117 2645 1259 2731 invidia,

325 2785 390 2855 qua
409 2758 487 2826 alter
507 2756 638 2825 alterum
662 2760 813 2849 prosequi
833 2759 961 2846 solebat,
974 2760 1181 2829 effinerelieet
1194 2760 1256 2851 (2),

325 2895 395 2945 tum
417 2876 550 2943 maxime
571 2873 757 2962 intelligitus
779 2900 817 2942 ex
846 2877 901 2961 iis,
927 2901 1008 2969 quae
1027 2881 1095 2964 jam
1108 2880 1257 2946 obsessa-

325 2996 370 3064 vit
397 2991 574 3061 Basilius
602 2992 796 3077 Magnus,
839 2989 981 3059 eruditus
1015 2993 1159 3063 ecelesiae
1193 2992 1260 3061 do·
1364 2988 1368 2997 ’

326 3138 395 3191 etot·
427 3119 475 3207 (3)
502 3149 511 3186 ι
558 3123 613 3184 τῶν
658 3114 760 3192 ἔξωθεν
785 3114 944 3206 φιλοσόφων
969 3120 995 3184 oi
1022 3119 1084 3195 τοὺς
1109 3117 1260 3209 διαλόγους

326 3242 571 3332 συγγράψαντες,
598 3232 787 3327 Ἀριςοτέλης
819 3239 871 3329 μὲν
902 3240 951 3306 καὶ
976 3243 1146 3334 Θεόφραςος
1182 3243 1260 3318 εὐθὺς

326 3364 420 3433 αὐτῶν
462 3365 569 3453 ἥψαντο
607 3367 664 3427 τῶν
705 3368 886 3453 πραγμάτων
932 3361 986 3432 διὰ
1033 3367 1064 3432 τδ
1100 3367 1259 3435 συνειδέναι

328 3490 435 3565 ἑαυτοῖς
460 3494 517 3555 τῶν
543 3487 731 3556 Πλατανικῶν
757 3491 886 3579 χαρίτων
919 3491 971 3561 τὴν
999 3486 1123 3558 ἔνδειαν.
1166 3491 1260 3559 Πλεί-

333 3664 525 3681 ψ

370 3746 416 3822 (l)
436 3743 470 3804 0.
504 3744 524 3803 l.
557 3765 588 3823 p.
621 3747 678 3807 149
698 3760 726 3808 et
757 3748 826 3808 150.
871 3746 925 3809 cff.
956 3767 1027 3828 quae
1051 3746 1263 3808 attulitCice-

329 3853 437 3915 renis
467 3854 560 3923 losa„
583 3857 622 3928 (δ)
656 3857 779 3924 Stahr,
818 3857 929 3919 Arist.
965 3859 987 3926 l,
1029 3878 1059 3937 p.
1086 3858 1137 3935 55,
1168 3857 1204 3934 ll,
1230 3877 1260 3935 p.

329 3962 401 4024 285.
448 3964 487 4036 (5)
509 3965 604 4044 Epist.¹
630 3966 761 4043 clxvii,
786 3967 864 4029 Tem.
894 3966 966 4047 Opp.
996 3969 1044 4047 ΙΙΙ,
1065 3989 1096 4048 p.
1119 3967 1177 4029 187
1205 3966 1240 4033 C.
