2894 4896
761 371 823 438 106

258 573 263 581 “
303 545 490 629 aeemimnm
509 557 540 622 ei
564 556 625 623 fuit
643 555 724 623 varia
744 551 1008 646 pbilosophorum
1027 551 1145 646 placita
1165 580 1272 623 cou-⁸

302 671 428 744 oiliaudi
444 669 607 754 studium,
629 668 715 737 idem
739 692 870 763 quoque
893 669 927 734 in
950 668 1000 735 his
1016 667 1106 735 libris
1126 669 1168 736 ad
1190 669 1272 738 di.'›

303 813 421 858 versam
452 811 562 856 eornm
598 782 785 874 disputandi
814 784 968 851 rationem
986 783 1257 871 oonjangendam

305 930 379 972 eum
404 903 505 971 duxit.

347 1021 396 1086 Eo
425 1019 511 1084 enim
548 1016 770 1108 quaestionum
801 1035 934 1100 genere,
971 1036 1038 1103 quo
1058 1012 1140 1082 libro
1171 1018 1255 1105 pri-

304 1165 358 1210 nto
377 1158 410 1207 et
431 1142 546 1232 quinto
557 1155 708 1221 usussst,
736 1140 910 1207 Socratis
929 1143 1097 1226 μαιωτικὴν
1108 1138 1263 1207 ὶιιιίιιιι-’

305 1257 340 1324 di
371 1257 535 1325 eonsilium
554 1257 685 1325 omnino
703 1253 867 1348 prodiditz
932 1304 954 1338 „
979 1258 1091 1345 ltaque
1117 1255 1252 1327 dierum

306 1376 451 1465 quinque
481 1373 621 1457 aoholas,
656 1389 692 1439 ut
711 1375 825 1445 Graeci
848 1372 1029 1466 appellant,
1060 1377 1094 1440 in
1112 1373 1261 1443 totidem'

304 1488 403 1557 libros
430 1487 561 1557 contuli.
605 1489 713 1555 Flebat
744 1504 848 1555 autem
880 1489 946 1571 ita,
980 1505 1035 1570 ut,
1061 1492 1171 1579 'quum
1193 1492 1261 1574 is‚·
1301 1489 1302 1492 '

306 1607 364 1697 qui
394 1603 503 1672 audire
534 1602 648 1686 vellet,
688 1601 818 1670 dixisset
853 1600 935 1692 quid
966 1605 1035 1669 sibi·
1060 1603 1243 1682 videretur,

306 1739 376 1786 tum
396 1743 453 1805 ego
470 1735 579 1787 eontra
602 1718 749 1785 dioersm.
799 1719 884 1784 Haeo
909 1734 956 1784 est
976 1720 1083 1802 enim,
1107 1736 1144 1785 ut
1163 1723 1248 1802 sois,

306 1851 416 1918 vam,
438 1850 471 1901 et
495 1835 705 1905 Sooratioa
725 1835 804 1901 ratio
828 1850 937 1901 eontra
958 1834 1082 1901 alterius
1112 1838 1253 1929 opinio-'

306 1974 383 2018 nem
404 1948 588 2018 disserendi.
611 1950 693 2016 Nam
711 1951 754 2015 ita
775 1946 938 2032 facillime,
964 1950 1044 2042 quid
1058 1952 1122 2018 seri
1141 1953 1246 2019 simil-

305 2068 417 2135 limum
447 2083 543 2148 esset,
578 2066 719 2132 iuvenire
743 2088 832 2159 posse
861 2066 1001 2134 Socrates
1021 2068 1255 2134 arbitrabatur.-

306 2183 371 2255 Sed
394 2209 462 2273 quo
483 2181 677 2253 commodius
699 2180 923 2275 disputationes
943 2184 1254 2273 nostraeexplieen-·

305 2319 381 2383 tur,
403 2302 448 2368 sio
472 2324 522 2366 eas
542 2323 718 2388 exponam,
741 2301 831 2387 quasi
849 2315 957 2387 agatur
976 2325 1045 2384 res,
1069 2325 1135 2368 non
1155 2303 1246 2391 quasi
1294 2329 1295 2333 ¹

306 2417 475 2482 narmtur''
506 2413 567 2502 (l).
622 2415 754 2503 Quibus
775 2416 877 2481 verbis
900 2418 1140 2484 Ciceronem
1160 2415 1243 2482 dra—

305 2530 455 2599 matioam
484 2528 666 2596 Platonis
700 2529 853 2597 rationem
887 2534 1064 2624 exprimere
1095 2533 1221 2602 voluisse
1232 2566 1247 2617 ,⁴

309 2648 363 2715 rix
384 2662 429 2712 est
451 2643 540 2738 quod
562 2668 716 2713 moneam.

348 2761 428 2842 His,
450 2775 487 2825 ut
521 2760 671 2844 tertium,
695 2758 779 2828 libro
801 2776 916 2847 quarto
939 2762 1118 2833 Stoieorum
1138 2766 1245 2854 spinas

302 2875 473 2964 adjunxit,
510 2874 599 2966 quod
637 2901 676 2944 ex
707 2875 756 2942 his
775 2873 899 2944 duobus
922 2877 996 2946 loeis
1013 2879 1142 2950 efficere
1161 2881 1247 2949 mihi

302 2991 431 3061 rideore
477 2994 561 3077 „M.
586 2995 705 3061 Unum
723 2994 819 3080 igitur
842 2996 963 3062 mavis?
1009 2996 1163 3065 statimne
1184 3020 1248 3065 nos

300 3108 366 3178 vela
387 3108 512 3193 lacere,
535 3134 575 3175 an
595 3111 684 3200 ‘qussi
712 3132 731 3173 e
753 3125 852 3196 portu
863 3109 1055 3205 egredientes
1069 3113 1243 3201 paullulum

300 3226 476 3311 remigare?
522 3224 563 3291 A.
585 3221 754 3311 Quidnam
777 3241 824 3289 est
845 3226 953 3296 istuc?
985 3251 1050 3294 non
1076 3230 1163 3297 enim
1184 3231 1239 3294 in·

300 3339 412 3425 telligo.
458 3341 508 3407 Μ.
529 3337 615 3425 Quia
637 3337 926 3432 Chrysippus,
950 3358 982 3409 et
995 3344 1113 3427 Stoici,
1138 3367 1241 3434 quum

302 3453 344 3521 de
365 3455 468 3523 enimi
484 3455 775 3546 perturbationibus
797 3454 978 3549 disputent,
1002 3484 1147 3546 maguam
1158 3485 1237 3553 par·

300 3588 365 3638 tem
393 3572 428 3637 in
451 3572 490 3637 iis
507 3569 683 3659 partiendis
703 3588 734 3638 et
756 3569 947 3642 definiendis
970 3578 1116 3667 occupati
1137 3592 1235 3660 sunt3

299 3686 348 3755 illa
385 3710 494 3755 eorum
524 3689 690 3779 perexiguo
719 3691 816 3758 oratio
855 3708 924 3776 est,
958 3718 1022 3781 qua
1049 3690 1246 3762 medeantur,

341 3969 382 4047 (r)
404 3971 427 4038 r,
449 3973 479 4030 ι.
