2918 4814
688 375 749 441 180

252 555 363 621 euim?
387 550 633 647 prudentiamne
650 555 711 625 deo
734 558 936 626 tribuemus?
993 560 1074 626 Nem
1090 564 1189 649 justi-

255 671 318 748 tia,
352 694 431 760 quse
462 696 556 741 suurn
588 675 702 764 cuique
735 672 897 741 distribuit
910 711 922 751 .·
943 674 1024 767 quid
1056 680 1193 767 pertinet

254 785 295 854 nd
313 786 417 856 dees?
463 793 688 881 Temperantia
711 808 815 858 nutem
842 809 962 859 constat
986 802 1026 859 e'x
1048 809 1194 887 praeter-

257 903 419 999 mittendis
441 906 653 999 roluptetibus
675 913 834 1002 eorporis.
859 913 910 977 cui
935 913 958 976 si
967 909 1058 978 'iocus
1070 912 1105 976 in
1117 912 1201 978 eaelo

258 1036 325 1102 est,
360 1039 405 1087 est
448 1026 540 1091 etiam
562 1026 785 1115 voluptatibus.
830 1028 910 1093 Nem
931 1027 1020 1093 fortis
1040 1023 1119 1093 deus
1142 1028 1198 1091 in-

261 1137 354 1223 telligi
386 1145 445 1226 qui
476 1159 578 1230 potest
612 1145 645 1209 in
678 1142 808 1223 dolore,
844 1169 884 1209 nn
909 1145 942 1208 in
964 1142 1142 1211 labescant
1164 1144 1199 1206 in

259 1254 420 1346 pmimlo,
453 1284 592 1348 quorum
622 1259 719 1326 deum
753 1260 834 1326 nihil
855 1262 1011 1346 attingit?
1057 1261 1132 1327 Nee'
1145 1284 1200 1324 m-

261 1372 345 1439 tione
376 1373 471 1457 igitur
503 1390 666 1458 utentem,
702 1399 761 1443 nee
795 1378 909 1443 virtuts
931 1374 993 1443 ulie
1023 1373 1201 1464 praeditum

263 1485 360 1553 deum
382 1489 555 1577 intelligere
578 1497 638 1584 qui
662 1494 878 1584 possumus”i

306 1611 355 1679 Ne
370 1610 405 1675 in
424 1613 616 1679 emtionibus
640 1610 794 1721 quidem,
819 1610 1084 1703 phiiesephmum
1096 1610 1199 1676 reser-

265 1728 306 1793 tis
322 1729 482 1793 sententiis
508 1727 580 1813 (l),
605 1728 848 1794 Aristotelis
869 1730 1034 1795 immemor
1056 1728 1201 1794 Cicero

264 1842 335 1915 suit.
364 1843 565 1911 Iu'oretione
584 1846 670 1910 enim
690 1869 750 1932 pro
772 1846 960 1923 Murena,
984 1845 1200 1916 Catonem.

264 1959 343 2047 qui,
370 1961 584 2029 cum-Stoicae
601 1959 863 2028 doctrinee‘esset
897 1956 1065 2039 addictus,
1101 1960 1199 2046 gravis

262 2103 298 2147 ee
321 2079 489 2149 vehemens
515 2082 715 2147 Murenae
736 2079 1078 2160 recusatorexstiterut,
1092 2078 1203 2144 aeriter

263 2196 477 2285 perstringens
501 2195 573 2281 (2):
635 2197 809 2277 ,‚Nostri”‚
849 2196 956 2283 inquit
989 2192 1063 2280 (3),
1100 2189 1199 2273 „illia

264 2305 441 2373 Platone
471 2325 503 2373 et
537 2307 806 2386 Aristotele,
838 2305 988 2374 moderati
1010 2304 1201 2372 hominese't

265 2424 449 2514 temperati,
472 2426 578 2509 ajunt,
602 2423 689 2516 eputl
712 2426 887 2513 sapientem
910 2422 1009 2489 valere
1030 2419 1201 2509 aliquando

264 2540 413 2625 gratiam:
449 2540 507 2605 riri
538 2541 614 2609 boni
646 2564 713 2606 esse·
732 2541 891 2606 misereri:
918 2538 1062 2605 distincta
1087 2560 1201 2623 genera

263 2681 326 2743 esse
347 2656 560 2739 delictorum,
583 2674 614 2722 et
636 2656 776 2747 dispares
799 2681 931 2748 poenas:
957 2680 1021 2721 esse
1039 2652 1123 2746 apud
1136 2653 1199 2719 he-

265 2772 383 2840 rninem
407 2787 601 2841 emstnntem
624 2770 804 2858 ignoscendi
819 2772 933 2838 loeunn
958 2771 1063 2857 ipsum
1072 2769 1202 2860 sepien-

266 2903 330 2951 tem
353 2885 571 2980 saepesliqnid
585 2888 726 2979 opinari,
748 2883 836 2976 quod
848 2885 985 2953 neseiat:
1010 2885 1101 2951 irasci
1115 2907 1201 2950 non-

267 3028 457 3095 numquam:
486 3007 606 3071 exorari
618 3001 757 3071 eundem
773 3001 949 3093 etpiaeerir
974 2998 1063 3089 quod
1073 2999 1205 3082 dixerit,

265 3120 439 3204 interdum,
460 3124 485 3187 si
498 3123 539 3186 ita
551 3122 665 3187 rectius
681 3122 735 3202 sit,
749 3135 880 3186 mutere:
892 3117 934 3183 de
942 3119 1096 3217 sententie
1106 3114 1203 3182 deee-

267 3240 342 3305 dere
360 3237 551 3330 aliquando:
574 3262 681 3304 omnes
703 3238 833 3304 virtutes
844 3234 1057 3303 mediocritate
1067 3233 1205 3325 quedam

266 3377 329 3421 esse
354 3352 537 3421 moderatas.
583 3356 646 3422 Hos
665 3351 706 3419 ed
728 3355 887 3441 magistros
908 3354 931 3418 si
954 3376 1018 3442 qua
1044 3367 1076 3417 te
1095 3349 1203 3416 fortu-

268 3496 331 3555 nn,
354 3472 461 3554 Care,
486 3497 560 3538 eum
582 3473 637 3536 ista
662 3486 773 3536 natura
796 3467 978 3549 detulisset,
1002 3490 1067 3535 non
1082 3467 1202 3554 tuqui-

308 3706 350 3780 (i)
372 3704 425 3763 cr.
471 3701 572 3760 Pared.
602 3703 729 3777 perirem.
756 3697 831 3758 Orat.
858 3717 885 3757 e.
912 3700 953 3773 ti,
974 3698 1009 3756 de
1033 3695 1111 3754 Orat.
1137 3712 1206 3771 pss-

266 3810 338 3887 sinr',
362 3814 398 3874 de
422 3813 477 3871 Off.
505 3813 526 3877 l,
560 3812 585 3876 i,
616 3809 697 3869 Tusc.
723 3809 760 3886 lt,
782 3810 812 3884 5,
838 3808 951 3887 wyri,
987 3806 1061 3899 sstrt.
1083 3804 1156 3864 crit.
1180 3803 1204 3876 1,

265 3946 295 4001 p.
338 3923 409 3982 tier
432 3924 462 3988 7,
492 3922 674 3988 Kuehner,
697 3920 733 3980 0.
761 3921 781 3978 Ι.
810 3939 839 3997 p.
878 3916 929 3994 56,
958 3918 1008 3976 57.
1055 3915 1096 3992 (2)
1118 3933 1144 3976 e.
1166 3912 1207 3972 28

264 4053 325 4114 sqq.
370 4035 408 4115 (ὅ)
431 4052 458 4093 e.
488 4033 540 4092 50.
564 4032 608 4093 ut.
632 4034 667 4092 de
696 4030 758 4091 Fin.
778 4029 827 4106 IV,
856 4028 907 4095 rt,
