2918 4814
775 413 835 485 tet

327 596 385 671 ltin'
410 620 460 671 me
477 599 680 668 retinuissem.
702 601 748 689 Q.
763 601 842 689 Quo
853 595 1009 667 taudem?
1033 595 1274 673 iibeutereniau,

324 712 434 797 stater,
455 714 495 781 ad
518 717 608 784 istam
628 717 803 785 orationem
821 731 927 782 tanum
936 712 1129 807 prolaberer.
1152 715 1200 782 M.
1215 713 1267 785 Ad

328 826 428 895 tinem
459 832 637 909 honorum,
676 856 744 923 quo
775 829 958 899 reseruntur
990 845 1024 899 et
1058 830 1149 916 eujus
1177 853 1265 901 eausa

328 960 402 1010 aaut
426 943 567 1014 [arunde
587 949 711 1015 omuiax
736 963 966 1015 aontroveraaus
998 968 1066 1015 rem
1084 961 1118 1010 et
1138 944 1266 1037 Menam

329 1056 526 1129 dissensionis
548 1063 632 1129 iuter·
650 1062 863 1146 doctissimos,
895 1059 951 1129 aed
970 1057 1141 1150 aliquando
1163 1077 1267 1137 tomen

325 1169 545 1257 judieaudam.
565 1176 646 1243 Au.
669 1178 740 1266 Qui
763 1178 844 1245 istue
865 1175 935 1245 fieri
957 1191 1081 1267 potest,
1107 1178 1145 1245 L.
1169 1176 1264 1245 Gel-

328 1286 383 1355 lio
414 1295 566 1359 mortuo?
611 1293 659 1359 M.
681 1291 773 1382 Quid
797 1290 927 1359 taudem
948 1289 981 1357 id
1002 1289 1043 1357 ad
1062 1295 1159 1361 rem?
1185 1293 1270 1377 ΑΗ,

328 1402 414 1491 Quia
433 1428 484 1471 uae
506 1406 640 1473 Athenis
657 1405 766 1473 audire
787 1430 827 1473 ex
852 1403 1037 1477 Phaedro
1060 1428 1131 1472 meo
1151 1408 1266 1475 memi-

330 1520 387 1601 ni,
413 1519 613 1603 G‘eiiium‚
636 1521 816 1589 familiarem
841 1539 951 1601 tuum,
975 1546 1078 1610 quum
1097 1546 1159 1609 pro
1181 1549 1264 1592 cou-

329 1634 395 1701 suie
428 1658 467 1702 ex
501 1655 647 1727 praetura
668 1641 702 1704 iu
741 1639 905 1708 Graeciam
932 1637 1086 1720 venisset,
1132 1638 1268 1705 Athenis
1345 1728 1348 1731 Ι

331 1750 557 1842 philosophos,
580 1755 637 1842 qui
660 1769 727 1819 tum
747 1769 855 1835 eraut,
882 1754 915 1823 iu
935 1750 1039 1823 lurum
1062 1777 1163 1827 uuum
1181 1778 1263 1827 oon*

332 1888 473 1950 rooaeae,
497 1870 636 1961 ipsisque
658 1893 773 1956 magno
795 1894 891 1961 opere
912 1885 1072 1939 auctorem
1095 1870 1208 1954 fuisse,
1230 1889 1268 1939 ut

332 1980 502 2072 aliquando
532 1985 813 2053 controuersiarum
850 1983 990 2074 aliquam
1026 1985 1166 2057 saaereut
1192 2011 1266 2057 mo-
1382 2051 1386 2057 .

331 2095 434 2164 duma
459 2095 592 2187 quodsi
612 2115 713 2165 essent
733 2122 771 2165 eo
792 2099 919 2181 animo,
943 2116 979 2167 ut
996 2098 1118 2169 nollent
1135 2117 1264 2175 aetatem

331 2215 364 2278 iu
387 2212 494 2280 litibus
516 2231 698 2299 nonrerare3
724 2237 901 2306 posueram
923 2216 1111 2287 convenire:
1135 2216 1265 2291 etsimul

331 2352 461 2415 oporam
492 2353 578 2394 suam
613 2329 671 2394 ittis
701 2354 765 2395 esse
792 2330 989 2421 pulliuitum,
1012 2332 1038 2395 ai
1061 2349 1163 2420 posset
1182 2333 1265 2412 inter

331 2466 382 2509 eos
406 2441 533 2534 aliquid·
554 2445 732 2510 convenire.
778 2447 825 2511 M.
848 2445 986 2519 Iouulare
1005 2444 1088 2517 istud
1109 2445 1265 2537 quidem,

330 2563 551 2652 Pomponi,
584 2576 616 2626 et
648 2559 791 2628 amuitis
815 2587 906 2654 saepe
928 2562 1077 2631 derisum.
1122 2561 1186 2637 Sed
1207 2587 1266 2649 ego

329 2677 422 2767 piane
444 2677 554 2743 veliem
584 2700 636 2743 me
654 2679 810 2743 arbitrum
831 2679 914 2744 iuter
943 2679 1108 2766 antiquam
1134 2677 1262 2749 Acade-

251 2878 254 2881 Δ
330 2794 447 2875 mium,
477 2809 510 2857 er
545 2794 751 2858 Zenonem
785 2791 905 2859 datum.
930 2795 1014 2860 Art.
1036 2793 1114 2885 Quo
1135 2792 1267 2867 taudem

328 2906 412 2977 istud
433 2905 555 2975 modo?
588 2909 635 2977 M.
658 2908 745 2997 Quia
763 2905 804 2972 de
826 2931 860 2974 re
881 2932 944 2973 una
968 2906 1067 2977 sotum
1088 2905 1265 2991 dissident,

329 3025 369 3092 de
405 3026 515 3103 ceteris
538 3023 671 3090 mirifice
693 3039 883 3109 congruunt.
909 3025 990 3091 Att.
1015 3023 1079 3090 Ain
1106 3023 1261 3099 taudem?

327 3169 391 3217 uua
412 3142 454 3206 de
475 3165 510 3206 re
535 3157 587 3205 eat
618 3138 718 3205 solum
741 3138 916 3209 dissensio?
947 3141 994 3209 M.
1016 3140 1108 3229 Quae
1130 3139 1261 3230 quidem

326 3257 365 3324 ad
400 3280 466 3323 rem
500 3254 681 3343 pertineat,
728 3277 822 3321 una:
873 3253 994 3344 quippe
1028 3277 1103 3331 cum
1139 3253 1263 3342 antiqui

325 3393 452 3446 omnes,
479 3366 568 3460 quod
591 3365 768 3434 seeundum
793 3383 936 3433 naturam
960 3383 1059 3451 esset,
1083 3391 1149 3456 quo
1162 3370 1259 3453 juva·

323 3508 430 3553 remur
455 3485 491 3548 iu
520 3484 606 3566 rita,
629 3482 751 3548 bouum
773 3504 837 3546 esse
854 3479 1072 3564 deereveriut3
1098 3480 1174 3563 hie,
1199 3480 1260 3547 uisi

323 3594 411 3694 quod
442 3598 611 3665 honestum
632 3611 726 3680 esset,
759 3594 841 3661 nihil
862 3598 982 3688 putarit
1012 3599 1145 3664 bouum.
1168 3596 1257 3665 Ata.

320 3720 508 3809 Perparvam
529 3736 603 3779 vero
624 3713 865 3780 controversiam
885 3711 983 3796 dicis,
1018 3739 1054 3780 ac
1079 3735 1143 3777 nou
1160 3734 1257 3795 eam,

323 3857 404 3923 quae
428 3833 555 3901 dirimat
576 3829 691 3897 omnia.
735 3830 784 3896 M.
806 3830 910 3895 Probe
930 3827 1061 3922 quidem
1085 3829 1201 3913 sentis,
1233 3829 1259 3894 si

322 3970 376 4033 re,
409 3974 446 4017 ao
479 3972 545 4017 nou
572 3949 675 4017 verbis
697 3945 892 4015 dissiderent.
939 3949 1020 4017 Au.
1043 3950 1128 4037 Ergo
1151 3970 1257 4014 asseu-
