2930 4812
675 411 716 474 25

229 606 345 678 negem
376 590 484 658 scirel
528 605 609 681 quot
636 588 799 660 historicos
832 591 1030 668 nominavit?
1060 616 1158 682 quarn

229 708 505 797 scienteriqnam
520 708 650 798 proprie
668 705 709 772 de
728 731 925 798 unoquoque
950 708 1030 775 dixit
1038 711 1082 777 t”
1110 710 1160 797 (1)

275 823 421 889 Cicero
450 822 510 886 snb
537 821 723 887 Antonii
756 843 889 912 persona
910 822 1162 890 Aristotelis

229 937 403 1018 tutionem,
438 959 536 1025 quam
564 935 687 1026 ubique
731 936 825 1002 tantis
859 934 1004 1003 laudibus
1039 939 1161 1023 extulit,

231 1047 415 1143 disputandi
448 1051 481 1115 in
507 1066 679 1139 utrumque
709 1067 852 1141 partem,
887 1053 1044 1146 imprimis
1076 1079 1161 1147 pro·

231 1166 331 1256 ponit.
365 1166 473 1231 Primo
496 1165 583 1230 enim
611 1164 694 1233 libro
720 1165 761 1232 de
784 1171 943 1249 Oratore,
960 1166 1020 1233 'die
1042 1171 1159 1258 primo,

229 1304 296 1370 quo
318 1276 373 1347 hic
393 1302 496 1346 sermo
514 1278 639 1346 habitus
658 1305 722 1347 csse
739 1281 894 1369 fingitur,
926 1271 1102 1352 Antoni
1114 1311 1161 1352 us

228 1413 401 1479 oratorem,
442 1411 550 1462 contra
579 1396 963 1477 Crassi'sentcntiam,
985 1424 1058 1466 eum
1096 1426 1160 1469 csse

228 1511 472 1590 existimaveram
501 1512 605 1601 „Qui
637 1514 738 1578 verbis
757 1513 797 1578 ad
821 1504 1017 1579 audiendum
1033 1519 1162 1602 jncun-

229 1623 279 1691 dis
306 1641 338 1690 et
358 1626 519 1691 sententiis
548 1623 817 1716 adprobandum
847 1627 1088 1696 accommodatis
1116 1635 1165 1699 nti

229 1742 327 1833 possit
349 1741 384 1805 in
402 1740 498 1807 carnis
515 1738 690 1808 forensibus
708 1759 804 1833 atque
826 1747 1070 1812 communibus’'
1095 1746 1155 1838 (2);
1252 1755 1253 1758 ’

230 1853 314 1923 libro
335 1878 410 1923 vero
429 1854 592 1940 secundo,
625 1880 769 1925 sermone
794 1860 944 1948 postridie
965 1861 1089 1945 habito,
1124 1888 1162 1930 cx

232 1975 383 2042 Crassi
401 1991 527 2042 mente:
564 1975 725 2059 „Nullam
757 1998 823 2042 non
855 1979 1018 2066 propriam
1036 1981 1163 2044 oratoris

153 2134 157 2144 ι
231 2110 295 2154 esse
323 2110 411 2167 rem,
457 2112 538 2177 quae
575 2086 706 2176 quidem
739 2103 847 2154 ornate
880 2087 945 2154 dici
968 2092 1164 2180 graviterque

231 2200 368 2270 debcat’'
399 2201 460 2291 (3).
507 2204 617 2287 „Nox
638 2219 692 2284 te,
731 2203 837 2293 inquit
861 2204 1065 2282 Crassus,
1099 2229 1163 2272 no·

229 2319 299 2402 bis,
333 2316 526 2398 Antoni,
551 2315 720 2404 expolivit,
753 2315 979 2406 hominemque
1011 2315 1162 2386 reddidit.

229 2436 311 2503 Nam
345 2432 493 2499 hesterno
525 2455 690 2515 sermone,
722 2433 815 2499 unius
847 2430 1014 2520 cujusdam
1048 2437 1163 2523 operis,

229 2570 266 2620 ut
287 2556 332 2620 uit
356 2555 437 2619 Cae
451 2551 617 2635 cilius,
640 2551 789 2637 remigem
810 2548 964 2638 aliquem,
989 2565 1041 2614 aut
1063 2551 1162 2636 baju-

229 2663 314 2751 lum,
340 2668 430 2733 nobis
459 2683 613 2733 oratorem
642 2662 868 2752 descripseras,
902 2664 1031 2754 inopem
1053 2682 1162 2752 quen-

99 2804 114 2819 ·
177 2772 179 2775 ¹
218 2773 305 2845 'dem
334 2781 534 2845 humanitatis
554 2797 650 2867 atque
669 2777 873 2846 inurbanum.
919 2781 1009 2845 Tum
1031 2780 1161 2845 Anto·

235 2954 437 2973 m—

272 3063 311 3140 (l)
329 3060 465 3139 lb.ll,l«l.
479 3057 643 3126 (Iamneia
658 3056 757 3117 nimiae
767 3057 930 3134 prolixitatis
944 3060 1047 3121 crimen
1055 3061 1163 3122 incide-

230 3190 300 3248 rem,
313 3190 367 3232 non
382 3169 433 3231 nisi
448 3169 562 3230 strictim
577 3165 613 3226 de
627 3148 793 3227 Antonio⁴
803 3186 885 3245 agere
900 3166 967 3226 mihi
981 3169 1099 3244 licuerit,
1117 3171 1162 3230 eff.

231 3279 266 3342 de
290 3283 350 3360 ejus
363 3280 491 3340 laudibus
504 3258 694 3338 Ciceronis
712 3277 774 3337 loca
790 3278 825 3337 dc
840 3275 919 3338 Orat.
946 3277 970 3354 l,
994 3278 1044 3346 90,
1058 3279 1110 3347 58,
1125 3281 1161 3356 ll,

231 3391 262 3469 5,
278 3390 331 3468 98,
354 3386 463 3466 75,111,
475 3388 505 3455 8,
520 3387 618 3447 Brut.
638 3405 666 3445 c.
683 3387 733 3453 57,
750 3386 801 3463 58,
819 3387 870 3462 57,
883 3386 934 3463 59,
951 3385 1001 3454 88,
1014 3387 1064 3454 89,
1081 3387 1161 3450 Orat.

231 3517 256 3559 e.
271 3499 322 3575 50,
366 3498 449 3558 Tuse.
473 3497 496 3573 l,
514 3497 544 3572 5,
561 3494 663 3556 deOll.
680 3494 716 3570 ll,
736 3495 784 3570 ld,
813 3495 938 3554 utetiam
962 3495 1115 3556 Vaillant
1134 3498 1163 3557 in

230 3609 309 3669 Fam.
349 3606 452 3666 Rom.
490 3606 513 3682 l,
544 3625 573 3684 p.
597 3606 637 3665 79
670 3621 755 3682 sqq.‚
785 3603 975 3681 Ellendt,
1016 3606 1093 3666 Prol.
1126 3609 1162 3668 ad
1196 3687 1199 3693 ,

230 3718 359 3794 Brut,
375 3717 511 3797 bleijer
525 3760 534 3794 ,
549 3716 641 3777 Oratt.
670 3716 762 3776 Rom.
780 3717 890 3795 Fragm.
907 3737 936 3796 p.
958 3720 1016 3778 {59
1036 3737 1111 3797 sqq,
1128 3739 1160 3798 p.

234 3824 665 3904 187‚1trumann,cesen
694 3825 844 3893 Rome,
864 3827 931 3904 l,p.
963 3826 1002 3887 58
1028 3846 1091 3908 sqq.
1122 3829 1163 3907 (9)

229 3933 269 3993 de
299 3934 378 3996 Orat.
408 3936 444 4003 l,
468 3936 517 3998 ts.
570 3935 612 4014 (5)
637 3934 679 3995 lb.
706 3934 740 4002 11,
770 3932 800 3995 8.
