2930 4812
783 393 828 456 ts

333 591 434 674 μαῖον,
462 586 514 654 τὸν,
537 581 736 674 Φιλάδελφον,
763 587 842 650 πάνυ
864 577 1072 651 ἐσπουδακέναι
1100 583 1171 673 φασὶ
1201 585 1271 683 περὶΙ

332 715 370 777 τὰ
385 706 592 802 Ἀριςοτελιιιοὶ
605 714 839 800 συγγράμματα,
866 708 905 782 ὡς
923 708 972 772 καὶ
1003 707 1068 799 cipi
1099 713 1138 776 osi
1152 710 1265 801 λοιποὶ,

332 836 380 901 καὶ
412 843 551 925 χρήματα
574 831 689 899 διδόναι
719 837 776 908 τοῖς
801 835 1008 924 προσφέρουσιν
1042 833 1120 922 αὐτῷ
1144 833 1265 922 βίβλοις

330 965 380 1026 τοῦ
396 959 560 1050 φιλοσόφον.
584 996 627 1012 --
653 952 789 1045 Ἀμέλει,
821 956 923 1047 φασὶν,
950 957 1041 1046 iani
1068 957 1182 1048 ριγαλῃ
1208 958 1269 1045 βι-

330 1084 469 1175 βλιοθήκῃ
516 1087 650 1177 sipisim.
709 1078 907 1150 Ἀναλυτικῶν
947 1084 1014 1172 μὲν,
1053 1091 1267 1178 τεσσαράκοντα

330 1208 449 1296 βίβλους
455 1224 471 1297 ,‘
493 1212 684 1300 Κατηγοριῶν
699 1206 734 1274 δὲ
759 1206 838 1296 δύο,
872 1225 1026 1302 apparet,
1049 1208 1141 1299 plura
1164 1211 1264 1278 Ari-

330 1324 511 1394 stotelia
535 1328 673 1419 scripta,
697 1328 866 1419 praecipue
889 1350 962 1395 vero
985 1324 1102 1415 logica,
1122 1326 1262 1396 Alexan·

330 1440 417 1508 driae
438 1443 618 1529 innotuisse.

374 1565 424 1630 Ex
445 1565 481 1631 iis
500 1578 700 1654 quaesupra,
720 1565 876 1656 imprimis
896 1562 938 1630 de
957 1561 1064 1633 indole
1089 1571 1146 1632 τῶν
1171 1566 1273 1655 λόγων

330 1696 530 1786 ἁκροατικῶν,
556 1689 682 1771 monui,
714 1688 783 1753 satis
815 1686 938 1776 liquet,
961 1712 1074 1755 vanam
1107 1684 1178 1756 fieri
1202 1692 1266 1758 ob·

327 1810 512 1898 jectionem,
533 1831 550 1870 a
570 1800 797 1887 Madvigio
820 1798 870 1890 (l)
892 1824 931 1867 ex
957 1802 1192 1870 Ciceronis
1218 1801 1266 1894 (2)

331 1925 433 1990 verbis
464 1919 589 2011 „quod
616 1923 653 1984 ιἰι
672 1921 917 1983 commentariis
948 1919 1183 2007 reliqueram?
1207 1918 1267 1989 de-

330 2024 483 2118 sumiam,
514 2061 578 2129 qua
613 2030 800 2103 contendit:
843 2079 866 2116 „
889 2032 1007 2121 Injnria
1044 2035 1270 2104 Staiirium

332 2155 479 2242 (Arist.
503 2154 544 2236 ΙΙ,
569 2177 603 2244 p.
629 2153 686 2237 35)
713 2172 859 2237 negasse,
886 2151 927 2217 ab
959 2146 1024 2221 ullo
1048 2136 1153 2218 vetera
1186 2153 1267 2219 scri-

331 2287 425 2365 ptore
437 2269 552 2362 apertis
573 2265 674 2333 verbis
689 2263 793 2349 tradi,
817 2262 906 2356 qnod
932 2265 1091 2337 Strabo
1114 2266 1269 2354 significat

332 2389 368 2454 in
402 2385 562 2452 notissima
598 2382 798 2459 narratione,
833 2382 1138 2451 Aristotelem
1173 2382 1269 2456 libros

329 2526 400 2570 suos
424 2500 549 2587 majoris
570 2494 722 2563 momenti
734 2495 905 2588 plerosque
927 2521 993 2563 non
1013 2500 1120 2589 ipsam
1147 2497 1268 2567 edidis-

330 2621 412 2705 se3''
448 2639 508 2683 nec
537 2614 631 2680 etiam
652 2635 733 2704 opus
755 2636 819 2677 esse
841 2611 1086 2680 Niebuhrii
1113 2612 1161 2703 (3)
1185 2640 1266 2682 con-

328 2738 477 2823 jecturas
504 2730 599 2812 „Eos
620 2728 716 2797 libros
740 2724 805 2794 dici
827 2728 861 2792 in
883 2730 1112 2796 commentariis
1135 2729 1270 2814 relictos,

333 2872 414 2939 quos
446 2841 722 2913 Aristotcles
758 2857 791 2906 et
821 2839 1182 2930 Theophrastus
1204 2868 1272 2912 non.

330 2966 459 3046 statim,
492 2976 595 3051 quiam
628 2960 756 3051 scripti
772 2974 893 3042 essent,
917 2957 1101 3039 ediderint,
1125 2959 1181 3026 ssd
1209 2960 1269 3027 ali-

330 3078 487 3174 quamdiu
499 3078 688 3146 retinuerint
711 3090 743 3139 et
754 3071 892 3139 subinde
913 3073 1197 3160 emendaverint3''
1207 3098 1274 3165 pro

247 3202 250 3205 ’
331 3194 494 3287 discipulis
530 3193 618 3258 enim
648 3186 755 3271 edita,
791 3209 851 3277 pro
875 3187 967 3274 vulgo
992 3189 1131 3275 inedita,
1154 3193 1272 3282 scripta

332 3304 604 3380 Aristotelis
637 3318 738 3369 crant.
1269 3382 1272 3387 θ

375 3425 423 3493 Ita
448 3443 578 3513 quoqne
596 3421 682 3506 jacet
710 3418 819 3510 opinio
844 3418 941 3511 quani
963 3420 1069 3515 paullo
1080 3421 1210 3489 inferius
1231 3414 1275 3487 de¹

331 3536 444 3606 eodem
481 3535 543 3604 hoc
579 3533 1198 3625 Ciceronis'locoMadvigius
1222 3538 1270 3626 (4)

332 3652 467 3744 protulit
483 3638 507 3718 ι’
538 3699 562 3735 ,,
583 3650 695 3739 Itaqne
731 3644 856 3740 pannus
879 3649 934 3720 hic
957 3650 1084 3721 ornatus
1105 3650 1275 3723 adventicii

333 3828 526 3845 -u-a--n—

374 3876 415 3982 ,o
444 3904 514 3963 axe.
544 3901 605 3984 vn,
628 3921 658 3982 p.
677 3900 748 3965 ssa.
795 3903 836 3981 (a)
858 3902 901 3965 oa
915 3903 978 3969 rin.
992 3904 1027 3982 v,
1045 3906 1075 3964 s.
1122 3906 1163 3982 (a)
1186 3904 1271 3967 acm.

333 4019 436 4080 Gesch.
466 4019 489 4096 1,
522 4038 552 4097 p.
583 4018 633 4085 90,
658 4017 711 4077 Ed.
742 4017 774 4076 2.
803 4019 859 4093 ,(4)
887 4019 930 4078 lb.
956 4036 987 4097 p.
1019 4019 1093 4081 854.
