2918 4814
802 384 868 451 208

348 570 493 635 amussim
514 569 618 635 omnia
639 566 776 653 exigatis3
804 563 1039 647 maturescat,
1058 569 1169 654 fateor,
1196 572 1291 640 muita

344 686 463 765 ctiam,
500 707 581 773 quae
615 684 673 749 Vir
692 681 856 749 doctrinae
878 682 967 770 copia
988 683 1163 774 completus
1192 704 1288 780 atque

346 795 488 862 excultus
518 813 659 863 accurate
695 796 907 884 exposuissem
939 796 1086 883 juvenilis
1119 823 1191 867 rero
1221 826 1290 870 mea

348 928 449 990 arur,
484 914 518 977 iu
556 911 649 978 literis
679 928 774 1001 atque
803 908 956 978 doctrinis
974 915 1064 1002 quasi
1087 912 1200 1007 hospes
1229 943 1288 985 nec

344 1031 415 1094 satis
449 1045 586 1109 versata,
618 1027 726 1095 leviter
758 1043 881 1092 tantum
911 1029 1022 1112 attigit.
1077 1030 1177 1119 Quod
1214 1058 1288 1101 vero

344 1150 448 1214 animo
473 1171 536 1213 non
555 1144 808 1237 desponderem,
832 1146 905 1210 exin
928 1147 1060 1211 maxime
1087 1147 1284 1217 factumesse

343 1265 489 1339 arbitror,
512 1259 619 1353 quod,
642 1260 702 1326 hac
721 1261 854 1326 maxime
874 1259 1091 1350 disquisitione
1101 1259 1189 1328 diem
1198 1262 1282 1330 diem

343 1377 455 1444 docere
492 1374 643 1458 edoctus,
677 1375 873 1439 verissimum
894 1372 1027 1463 quidem
1048 1375 1109 1442 boc
1135 1376 1270 1465 pbiloso-

341 1499 483 1588 phorum
500 1495 624 1562 dictum
646 1496 871 1561 existimarem:
908 1496 1026 1565 critico
1050 1500 1123 1561 vera·
1142 1500 1281 1563 obrussa

341 1625 390 1679 est
400 1640 410 1688 ,·
432 1610 510 1677 illud
528 1634 602 1677 vero
620 1608 713 1675 simui
730 1610 938 1697 experientiae
964 1609 1081 1675 foetum
1104 1608 1279 1678 dicendum

339 1752 403 1794 esse
425 1723 641 1805 confideremg
667 1747 764 1813 quem
784 1724 1010 1814 experientiam
1031 1726 1055 1789 si
1077 1724 1172 1793 modo
1193 1751 1277 1794 asse-

341 1846 398 1932 qui
419 1842 608 1933 potuissem,
632 1840 736 1903 minus
757 1837 851 1904 lutum
877 1839 1014 1905 formosis
1024 1857 1156 1927 stragem
1166 1846 1275 1910 subti-

338 1957 422 2024 mide
440 1972 672 2044 exspectarem,
696 1970 826 2042 tamque
850 1954 1071 2043 imperfectum
1102 1980 1181 2046 opus
1192 1982 1273 2044 pro.

338 2074 413 2139 dere
444 2088 567 2139 coactus
595 2094 660 2136 non
693 2068 829 2134 inissem.
881 2070 992 2135 Unum
1022 2086 1145 2137 tantum
1178 2073 1274 2140 credo

339 2217 389 2258 me
405 2193 480 2278 jure
504 2204 624 2279 petere*
634 2208 743 2276 posse,
766 2181 972 2270 investigandi
990 2183 1135 2250 ardorem
1168 2187 1201 2252 in
1223 2187 1270 2252 his

335 2304 513 2373 studiorum
542 2322 683 2366 meorum
719 2296 900 2388 primordiis
931 2322 971 2363 ne
1007 2303 1185 2392 spernatis,
1219 2319 1267 2383 et,

333 2425 357 2488 si
374 2421 455 2486 forte
483 2420 518 2481 in
540 2417 601 2480 hac
621 2412 859 2503 disquisitione,
882 2415 916 2479 in
938 2439 1001 2503 qua
1024 2415 1147 2482 critices
1170 2441 1266 2504 prae·

332 2551 498 2625 ceptorum
531 2529 758 2594 observantiam
788 2531 903 2594 summi
931 2531 1085 2595 momenti
1093 2553 1157 2594 esse
1168 2528 1264 2614 duxi,

231 2676 239 2693 ⁶
330 2657 364 2717 in
394 2669 589 2714 summorum
622 2641 700 2709 adeo
721 2643 871 2711 Virorum
899 2646 1065 2710 sententias
1084 2646 1181 2710 nimis
1202 2670 1259 2712 ve-

332 2769 497 2832 hementer
518 2761 660 2825 invectus
680 2782 743 2824 esse
765 2756 888 2842 ridear,
912 2783 978 2825 non
999 2760 1162 2850 partium,
1189 2750 1262 2828 'non

330 2903 425 2949 vanae
454 2876 662 2962 arrogantiae,
685 2897 750 2940 non
775 2874 988 2960 argutiarum,
1010 2872 1065 2939 sed
1085 2878 1178 2944 unice
1202 2900 1259 2942 re-

325 2998 425 3064 'ritatis
447 2994 510 3059 sire
535 3013 623 3056 verae
642 2990 763 3055 critices
784 2987 891 3055 studio
910 3012 960 3054 me
985 2988 1077 3054 fuisse
1102 2987 1256 3074 ductum,

326 3120 462 3190 Platonis
497 3113 546 3203 (l)
582 3114 770 3180 sententiae:
805 3107 945 3183 Ἀλήθεια
971 3109 1038 3198 δή,
1066 3119 1181 3179 πάντων
1206 3113 1259 3201 μὲν

325 3244 444 3334 ἀγαθῶν
471 3239 541 3311 θεοῖς
581 3239 719 3325 ἡγεῖται,
757 3241 874 3302 πάντων
903 3233 938 3301 δὲ
962 3235 1138 3326 ἀνθρώποις,
1169 3236 1257 3303 haud

323 3358 560 3434 immemorem,
582 3350 707 3420 Vobis
730 3374 914 3443 persuasum
935 3351 1073 3419 habeatis
1096 3351 1196 3421 velim.

320 3531 524 3553 uua—¹¹·-

364 3615 403 3689 (r)
426 3611 461 3683 aa
489 3607 573 3685 regg.
604 3608 639 3683 v,
665 3578 695 3683 ρ’.
726 3607 796 3673 sos,
819 3607 853 3665 r.
880 3606 933 3667 na.
956 3608 1032 3666 ric.
