2930 4812
197 634 326 704 prorsus
356 609 479 687 tollunt.
536 611 758 679 Demetrio
784 614 870 681 enim
909 614 1130 701 Phalereo,

198 752 295 819 quem
327 725 464 794 exsulem
495 746 535 791 ex
554 726 656 816 patria
676 745 887 819 exceperunt,
910 730 1046 798 multum
1069 732 1131 799 de-

198 845 339 913 buerunt
359 838 426 910 duo
437 837 818 931 prioresPtolemae13
845 865 941 926 nam,
955 861 988 910 et
1011 847 1130 914 biblio-

199 957 324 1025 thecam
361 978 470 1023 eorum
504 951 678 1037 ordinavit,
710 970 743 1021 et
766 980 825 1045 per
846 980 941 1043 eum,
963 959 1127 1029 Aristo-

200 1071 294 1140 telis
316 1068 508 1162 discipulum
529 1068 732 1163 eundemque
755 1092 830 1138 cum
844 1072 1132 1164 Theophrasto

198 1211 317 1279 summu
344 1184 549 1251 familiaritate
570 1187 803 1272 conjunctum,
832 1189 998 1279 utriusque
1015 1193 1133 1279 scripta

199 1306 475 1405 Aegyptiis-magis
501 1306 709 1373 innotuerunt
732 1304 804 1393 (l);
842 1331 902 1375 nec
922 1310 1027 1376 minus
1047 1335 1131 1379 con·

196 1440 279 1507 stat,
323 1446 397 1490 oum
439 1419 674 1487 Ptolemaei
706 1437 794 1490 tanto
824 1421 936 1491 ardore
969 1423 1131 1496 literarum

195 1540 297 1608 studia
318 1537 555 1628 proveherent,
580 1558 630 1602 eos
651 1533 797 1626 undique
820 1542 1053 1628 manuscripta,
1067 1559 1130 1612 tam

196 1656 324 1745 spuria,
343 1676 442 1744 quam
465 1652 585 1716 sincera
605 1664 636 1714 et
649 1651 788 1736 integre,
801 1649 953 1739 collegisse
977 1653 1037 1746 (2).
1081 1657 1130 1723 Ex

196 1772 256 1839 hac
295 1784 400 1835 autem
432 1765 514 1832 lauta
556 1763 769 1848 bibliotheca,
809 1782 873 1834 tam
916 1770 1129 1858 Diogenes

195 1884 408 1953 Laertius
437 1878 510 1971 (3),
533 1906 629 1971 quam
659 1879 846 1972 Anonymus
869 1883 957 1972 apud
979 1886 1126 1954 Mena-

194 2001 329 2089 gium,
362 1995 403 2064 ad
427 1994 576 2082 catalogos
602 2019 673 2063 suos
707 1996 969 2064 consarcinandos
990 1999 1126 2068 mulum

193 2114 359 2208 profecisse
386 2130 419 2179 et
451 2110 740 2178 Andronicus
761 2110 1004 2202 Rhodium)
1032 2119 1125 2183 etiam

194 2228 347 2315 nonnulla
376 2228 509 2294 hausisse
542 2224 703 2292 videntur.
725 2225 839 2292 Plures
860 2243 1018 2320 practerea
1040 2228 1121 2297 Ale-

111 2393 114 2397 ›
193 2341 375 2427 xandrini,
420 2341 505 2407 inter
540 2363 619 2432 quos
651 2341 801 2432 princeps
833 2343 1121 2437 Hermippus,

192 2455 456 2529 Aristotelis
490 2456 607 2548 scripta
631 2454 820 2523 ordinarunt
842 2456 915 2545 (5);
943 2482 982 2526 ex
1007 2462 1123 2550 quibus

191 2585 308 2672 igitur,
330 2597 368 2651 ut
390 2577 792 2667 exegregiorlmmonii
821 2578 870 2670 (6)
892 2578 981 2650 loco:
1006 2585 1124 2654 Πτολε-

232 2752 273 2825 (1)
294 2748 341 2807 (ll.
366 2748 499 2823 Stahr,
524 2749 561 2823 ll,
590 2767 622 2825 p.
649 2749 702 2823 59,
730 2746 832 2825 Diog.
852 2748 981 2818 Lairt,
1006 2752 1042 2831 V,
1068 2756 1121 2817 57:

191 2858 350 2929 Πτολεμαῖος
360 2838 469 2929 ἔπεμψεν
480 2852 517 2912 iss'
531 2858 609 2912 αὐτόν
623 2854 675 2927 (τὸν
684 2857 855 2934 Θιὸφραςον).
899 2858 939 2935 (9)
972 2873 1029 2921 Τῶν
1052 2863 1124 2943 'Apa-

191 2963 345 3031 ςτοτιλικῶν
377 2964 587 3037 συγγραμμάτων
618 2962 719 3018 πολλῶν
754 2963 832 3020 ὄντων
872 2971 965 3043 χιλίων
986 2972 1030 3029 τὸν
1049 2976 1126 3050 ἀριθ-

189 3071 261 3146 μόν,
293 3070 327 3133 ὦς
344 3088 406 3144 φησι
425 3067 585 3143 Πτολιμαῑος
606 3068 620 3125 ‘o
645 3068 822 3144 Φιλάδιλφος,
852 3072 1004 3149 ἀναγραφὴν
1038 3081 1123 3135 αὐτῶν

187 3179 428 3250 conceperamus
454 3169 541 3230 refert
568 3169 684 3232 David
714 3172 910 3250 Armenius,
932 3194 1015 3254 quem
1039 3179 1124 3242 citant

187 3280 379 3357 Brundis,
405 3281 428 3357 Ι,
468 3281 515 3356 ΙΙΙ,
555 3300 586 3360 p.
629 3279 702 3349 249,
733 3284 795 3344 250
823 3297 852 3345 el
876 3285 1064 3367 Stanr,11,
1089 3310 1121 3370 p.

186 3389 228 3452 68
259 3401 297 3449 ct.
329 3389 381 3448 69.
425 3389 466 3467 (5)
488 3389 566 3467 Disp.
599 3410 629 3449 n.
655 3411 685 3470 p.
711 3393 742 3469 ὅ,
767 3406 833 3455 nota
856 3395 885 3454 l.
930 3398 970 3475 (4)
993 3397 1119 3477 Stahr‚

186 3501 220 3567 11,
249 3518 279 3577 p.
303 3498 355 3574 72,
374 3497 426 3574 75,
451 3497 625 3566 Brundis,
655 3498 691 3559 0.
716 3501 737 3559 Ι.
757 3521 788 3580 p.
812 3501 886 3562 251.
931 3506 971 3582 (5)
993 3505 1119 3575 Stahr,

185 3608 221 3676 ll,
269 3627 302 3684 p.
337 3607 376 3667 67
404 3624 469 3685 sip,
499 3607 676 3686 Brendis,
714 3608 751 3670 Ο.
781 3611 802 3670 l.
832 3632 861 3690 p.
889 3611 963 3675 249.
1015 3617 1055 3694 (6)
1084 3619 1120 3676 ad

186 3716 250 3778 Cat.
288 3716 338 3777 sol.
369 3717 389 3775 5
419 3734 448 3775 a.
473 3714 527 3775 eff.
554 3715 686 3795 steht,
715 3720 751 3796 ll,
781 3740 811 3798 p.
842 3722 880 3780 'll
898 3734 927 3782 et
939 3742 970 3801 p.
986 3724 1121 3790 95-114.

187 3825 234 3883 ubi
262 3824 433 3903 antiquorum
461 3825 625 3886 testimoniis
645 3825 747 3907 probat
759 3828 877 3906 plurima
894 3829 1121 3891 Aristotelia

175 3928 290 4005 vscripta
300 3950 411 4009 semper
437 3943 502 3992 nota
516 3933 683 4013 saepiusque
705 3935 826 4000 adhibita
840 3937 924 4000 lmese
936 3982 946 4005 ,
958 3951 986 4000 ιι
999 3938 1116 4019 liopp,

185 4039 221 4099 0.
252 4039 274 4098 l.
299 4038 347 4115 ΙΙΙ,
373 4039 396 4115 Ι,
424 4059 455 4119 p.
486 4040 658 4103 roo-¹02
