2930 4812
377 566 437 632 ltu
464 586 538 630 sone
574 562 768 653 prscclsrum
800 561 843 629 de
874 579 1013 655 ntmque
1034 564 1264 634 Ciceronis

328 676 511 768 judicium:
555 679 649 765 „Ego
673 679 718 747 sic
743 678 908 764 existimo,
930 678 989 748 hos
1009 694 1145 747 nectores
1169 678 1265 747 luisse

331 793 506 877 muium,
527 807 560 859 et
581 792 617 859 in
642 791 692 865 his
719 795 952 881 primumcum
973 795 1170 863 Graecorum
1189 793 1261 881 glo·

328 909 376 979 tis
401 909 515 976 hone
536 905 666 977 dicendi
689 909 814 1001 copiam
836 910 1021 999 seqnstrm’'
1045 905 1107 999 (l).
1150 909 1264 998 Quum

206 1078 207 1081 η
330 1023 439 1092 literm
475 1026 614 1094 Grsecse
655 1023 716 1092 hac
747 1041 845 1094 aetate
876 1022 1022 1093 nondum
1048 1028 1102 1113 jus
1135 1026 1266 1098 ciuitatis

332 1141 451 1208 Romae
471 1156 573 1206 essent
600 1155 708 1217 nactae
739 1157 772 1207 et
794 1167 811 1206 r
848 1140 1028 1208 cultioribus
1050 1157 1174 1209 tuntum
1204 1166 1262 1210 co·

331 1253 490 1337 letentur,
519 1252 610 1338 „fnit
630 1253 693 1323 hoc
717 1257 751 1321 in
776 1272 913 1347 utroque
933 1278 1053 1338 eorum,
1077 1273 1112 1323 ut
1137 1259 1262 1325 Crss-

333 1394 399 1436 sus
450 1393 517 1437 non
560 1385 623 1436 tum
672 1371 838 1439 existimari
875 1370 966 1438 vellet
1005 1395 1070 1438 non
1101 1368 1263 1456 didicisse,

335 1509 435 1576 quum
455 1484 504 1552 ills
528 1483 711 1577 despicere,
739 1504 772 1552 et
794 1489 1006 1554 Romanorum
1033 1488 1068 1552 in
1096 1489 1182 1554 omni
1204 1511 1263 1574 ge·

330 1622 408 1670 nere
434 1599 639 1688 prudentium
669 1603 797 1671 Grsecis
818 1602 983 1668 anteferre.
1029 1604 1264 1669 Antonius

334 1732 442 1783 sutem
464 1715 708 1808 probabiliorem
741 1716 860 1809 populo
885 1718 1057 1783 emtionem
1093 1716 1159 1785 fore
1182 1740 1263 1785 cen·

334 1848 416 1900 seret
438 1854 546 1915 susm,
581 1834 605 1897 si
638 1834 769 1899 omnino
795 1830 939 1899 didicisse
966 1856 1143 1922 numquam
1165 1847 1263 1923 puts-

332 1964 444 2019 murz
477 1960 575 2038 etque
609 1949 651 2013 its
684 1971 715 2013 se
749 1965 885 2037 uterque
914 1949 1086 2033 graviorem
1114 1947 1197 2031 iore,
1241 1950 1266 2012 si

334 2064 413 2132 ulter
433 2079 654 2147 contemnere,
691 2062 768 2128 alter
790 2087 831 2128 ne
852 2086 942 2129 nosse
973 2062 1104 2153 quidem
1129 2065 1267 2131 Graecos

329 2176 513 2248 videretur'’
555 2179 615 2267 l).

374 2297 584 2387 Quemquam
599 2293 690 2361 ulem
713 2296 905 2362 Graecorum
928 2295 1084 2360 literarum
1111 2297 1266 2381 ignorun-

333 2413 410 2479 tium
442 2409 484 2477 de
516 2433 549 2475 se
578 2411 627 2476 M.
660 2411 865 2476 Antonius
897 2409 1134 2497 profitebatur,
1159 2433 1264 2504 apps-

334 2542 385 2595 ret
408 2541 513 2592 tumen
531 2548 569 2590 ex
596 2520 721 2591 dnobus
741 2524 853 2616 primis
876 2526 1094 2592 Ciceronis
1116 2523 1157 2591 de
1177 2528 1267 2592 Oru-

340 2659 410 2712 toro
432 2641 520 2708 libris
543 2663 639 2722 eum,
672 2640 892 2733 proconsulem
919 2643 953 2706 in
980 2639 1123 2708 Ciliciam
1153 2641 1267 2731 prose·

341 2776 458 2844 ctum,
480 2774 544 2823 tam
563 2756 722 2840 Athenis,
745 2779 843 2847 quem
867 2754 993 2838 Rhodi,
1016 2755 1267 2823 doctissimorum

338 2874 507 2943 hominum
516 2868 997 2959 sermonibussededidisse(3),
1018 2886 1049 2934 et
1071 2871 1266 2938 Gruecorum

336 2990 435 3059 libros
456 2990 668 3058 delectationis
693 3012 782 3056 csuss
801 2985 903 3073 legere
920 2984 1121 3052 consuevisse.
1154 2986 1267 3072 Quum

337 3124 442 3178 sutem
466 3108 616 3175 Anton
629 3107 696 3171 ius
719 3104 804 3170 libro
822 3100 962 3169 secundo
983 3098 1144 3189 principes
1163 3099 1267 3165 histo·

332 3227 418 3292 tricos
440 3225 577 3291 Grsecos
607 3223 799 3309 eosdemque
825 3214 1091 3304 eloquentissimos
1125 3214 1268 3281 homines

339 3363 400 3406 scu
437 3339 605 3423 tetigissetr
660 3333 782 3424 „Quid
816 3350 878 3416 est,
919 3332 1049 3419 inquit,
1086 3329 1265 3411 Catule,

344 3457 529 3522 Csessr?
574 3453 630 3519 ubi
664 3467 762 3532 sunt,
797 3450 853 3536 qui
877 3449 1125 3514 Antonium
1148 3448 1268 3514 Graece

338 3871 344 3881 ·
383 3846 423 3919 (l)
448 3843 553 3902 Brut.
578 3858 605 3898 c.
629 3837 669 3898 56
686 3856 748 3917 sqq.
775 3851 803 3900 et
821 3839 933 3918 passim.
959 3834 1002 3895 Cf.
1016 3834 1098 3895 Orat.
1121 3852 1147 3892 c.
1166 3833 1195 3892 5.
1227 3830 1267 3908 (2)

260 3951 265 3955 ’
335 3951 559 4019 (leontini.
604 3948 644 4026 (l)
674 3948 715 4008 lb.
739 3949 762 4024 1,
791 3948 839 4024 ts,
871 3946 906 4014 11,
939 3947 952 4004 l
980 3958 1008 4004 et
1036 3943 1104 4025 5¹1..
