2918 4814
658 368 719 439 157

224 550 471 620 mediocritatem
501 549 584 618 illam
596 600 608 636 ,
656 576 737 644 quae
766 568 812 620 est
844 555 926 621 inter
961 556 1093 623 nimium
1122 568 1155 624 et

224 694 349 759 perum,
376 669 508 735 maxime
528 668 675 761 probarit
692 668 764 758 (l),
787 671 947 763 magisque
964 668 1151 759 dijudican-

225 784 272 850 dis
289 801 322 850 et
340 781 532 850 adhibendis
552 782 683 850 aliorum
701 784 838 851 inventis
856 808 955 874 quam
975 784 1157 874 indagando

225 924 261 964 ao
282 899 404 989 placitis
427 895 600 964 uendendis
618 897 766 964 inclaruit
785 895 845 986 (2).
890 900 1043 989 Quamvis
1062 902 1157 987 igitur

227 1011 439 1081 Ciceronis
468 1009 574 1078 laudes
607 1014 642 1078 in
669 1011 732 1080 hae
758 1015 825 1100 ejus
857 1012 1035 1083 studiorum
1064 1032 1158 1108 parte

227 1129 366 1195 oratoriis
386 1126 478 1213 longe
488 1125 656 1213 oederent,
677 1130 883 1219 antiquorum
896 1144 1001 1196 tamen
1011 1129 1164 1222 philoso-·

227 1244 369 1336 phorum
399 1243 511 1334 placita
546 1266 612 1310 non
643 1243 746 1310 servili
781 1240 877 1312 modo
895 1246 1074 1328 oonrertit,
1097 1269 1162 1314 00⁴

226 1382 363 1447 rumque
391 1359 565 1450 interpres,
598 1358 720 1446 saepius
741 1381 833 1424 suum
856 1359 949 1425 etiam
974 1358 1155 1446 judicium,

227 1499 314 1541 suem
347 1471 520 1538 disserendi
549 1487 582 1537 et
612 1470 806 1557 intelligendi
833 1475 999 1541 rationem¹
1025 1475 1062 1540 iis
1093 1474 1156 1542 ad-

225 1591 353 1678 junxit:
400 1587 459 1671 „si
489 1586 584 1675 plane
603 1587 649 1653 sio
670 1602 825 1653 verterem
846 1585 1069 1672 Platonem,
1103 1607 1160 1657 snt

230 1702 520 1784 Aristotelem,
553 1718 591 1767 ut
618 1717 782 1768 verterunt
804 1705 903 1769 nostri
924 1714 1036 1795 poetae
1058 1706 1158 1774 lohu-

228 1821 293 1903 las,
326 1818 424 1903 male,
456 1817 736 1901 oredo,·n1ererer
753 1815 797 1883 de
817 1820 892 1885 meis
910 1820 1050 1901 nivibus,
1070 1822 1097 1888 si
1117 1820 1159 1888 ad

227 1961 337 2003 eorum
367 1935 577 2021 cognitionem
596 1931 703 2000 divina
718 1932 912 2020 illaingenia
936 1934 1158 2004 transferrem!

229 2053 283 2120 sed
304 2053 339 2120 id
363 2076 469 2141 neque
485 2050 548 2118 feei
566 2048 691 2134 adhue,
718 2073 778 2117 nee
800 2049 880 2115 mihi
900 2065 1025 2134 tamen,
1048 2074 1090 2116 ne
1105 2053 1160 2117 la-

230 2172 330 2251 eiam,
359 2167 566 2235 interdictum
593 2181 684 2255 puto.
728 2167 830 2233 Locos
853 2163 983 2258 quidem
1006 2164 1160 2256 quosdam

230 2288 256 2353 si
287 2284 464 2368 ridebitur,
499 2284 703 2366 transferam,
732 2299 764 2348 et
782 2282 915 2348 maxime
938 2283 978 2348 eb
1000 2283 1053 2365 iis,
1083 2308 1162 2373 quos

231 2400 326 2471 ruodo
357 2401 538 2485 nominari,
573 2423 676 2488 quum
698 2394 863 2479 inciderit,
886 2411 923 2462 ut
948 2394 983 2462 id
1000 2413 1074 2488 apte
1091 2397 1161 2466 fieri

232 2519 351 2608 possit”
383 2515 443 2605 (3)

276 2639 347 2704 Hoe
378 2651 483 2701 autem
515 2628 605 2714 loeo,
638 2627 761 2695 silentio
788 2628 958 2718 praeterire
984 2627 1161 2714 nonlicet,

236 2774 315 2841 quae
338 2771 441 2837 nuper
473 2769 614 2811 summus
634 2742 864 2830 Madvigius
883 2743 1070 2812 contendit:
1094 2746 1161 2827 ci<

236 2886 421 2935 neronem
448 2856 687 2927 Aristotelis
720 2857 987 2925 Nicomaehea
1020 2863 1159 2926 nonde-

231 2987 332 3073 gisse.
377 2977 444 3044 Etsi
475 2971 563 3040 hand
581 2994 694 3058 negem
715 2972 750 3037 in
772 2970 830 3038 hac
849 2973 1046 3063 potissimum
1067 2973 1164 3063 hujus

233 3095 458 3192 disquisitionis
479 3108 568 3186 parte
588 3092 716 3158 summis
737 3083 1165 3162 difficultatibusmihifuisse

234 3211 507 3294 conflictandum,
551 3203 816 3297 quandoquidem
845 3205 1034 3299 plerumque
1056 3210 1166 3285 ,verbis

234 3333 328 3419 magis
356 3351 453 3418 quam
473 3349 508 3391 re
519 3320 690 3391 dissideant
710 3321 902 3406 Platonis,
927 3323 1165 3394 Aristotelis

234 3465 265 3516 et
283 3448 463 3515 Stoioorum
484 3438 619 3528 placita3
644 3436 680 3503 hi
703 3434 800 3521 adeo,
825 3438 1166 3530 qnorumsnriptalere

276 3731 317 3806 (t)
339 3674 427 3786 lead.
447 3723 483 3799 ll,
507 3721 559 3799 ld,
589 3718 641 3796 tt,
666 3718 702 3780 de
721 3717 777 3778 off.
798 3718 823 3794 l,
840 3718 891 3787 25,
935 3717 975 3798 (Ξ)
991 3719 1027 3779 de
1041 3719 1126 3799 Legg.
1143 3719 1166 3789 1,

238 3838 288 3912 tt,
318 3836 353 3895 de
381 3833 435 3894 Off.
461 3833 509 3909 lll,
539 3832 568 3907 l,
594 3824 647 3890 28.
672 3828 712 3907 (5)
739 3827 1167 3915 derin.1,5.cn.stahr,

236 3945 272 4012 ll,
292 3961 322 4021 p.
349 3943 406 4001 145
434 3952 498 4000 nota
525 3939 557 4015 2,
583 3936 772 4013 Kuehner,
801 3933 838 3995 Ο.
865 3937 886 3995 l.
909 3955 940 4014 p.
960 3934 1094 3999 stt-92.
