2918 4814
787 390 848 457 192

336 581 449 650 tentis:
473 581 658 671 „Quintum
678 594 797 664 genus,
820 598 837 641 e
864 596 930 664 quo
951 590 1055 642 esseirt
1075 591 1155 644 estre
1175 600 1272 647 men·

337 715 468 789 resque,
489 695 663 782 singulare,
685 712 859 782 eorumque
885 688 1141 779 (elementorum)
1174 711 1277 784 qum.

337 829 409 880 tuor
427 811 574 878 dissimile
597 806 874 876 Aristoteles
910 803 1065 895 quiddam
1089 828 1153 874 esse
1174 811 1271 875 reba-

338 929 425 993 tur·”.
471 928 555 994 Hine
588 948 719 1018 quoqne
753 924 868 990 frustra
891 924 1081 1012 interpretes
1104 923 1274 992 Aristo-

340 1043 443 1110 telis
473 1042 539 1111 inea
574 1042 815 1133 quaesiverunt,
847 1060 928 1130 qnae
950 1062 1025 1106 enm
1046 1039 1280 1107 Ciceronis

338 1163 411 1232 ineis
434 1176 657 1254 competerent
682 1157 743 1247 (i).

381 1277 472 1345 idem
502 1277 658 1353 affirmare
682 1275 825 1363 eogimur
841 1271 883 1339 de
907 1271 1179 1340 Aristotelis
1200 1296 1277 1340 sen-

308 1481 314 1487 ,
341 1396 471 1476 tentiis,
504 1416 581 1484 qens
610 1390 770 1458 Cicero
798 1387 926 1474 attulit3
950 1386 992 1456 de
1014 1388 1160 1475 mundo,
1184 1413 1281 1481 quem

340 1498 516 1599 nqunsm
545 1522 651 1574 ortum
672 1525 736 1570 esse
759 1520 885 1587 censet,
908 1502 1023 1595 „qued
1048 1502 1134 1570 nulls
1160 1503 1280 1583 fuerit,

339 1650 422 1697 nove
450 1622 578 1694 sensilis
607 1621 704 1703 inito,
740 1637 805 1688 tem
825 1619 975 1712 prseelsri
999 1621 1102 1714 operis
1121 1620 1279 1714 inceptio,

341 1757 374 1809 et
398 1741 441 1806 ite
464 1763 538 1829 enm
561 1760 625 1807 eme
648 1734 793 1827 undique
814 1751 952 1827 eptem,
974 1751 1013 1802 nt
1030 1734 1170 1804 nnllnris
1181 1752 1281 1804 tentos

343 1869 438 1944 quent
459 1867 562 1919 motus
584 1850 853 1939 mutationemque
874 1847 1001 1929 moliri,
1030 1847 1115 1915 neiis
1138 1866 1281 1917 senectus

341 1968 550 2036 diuturnitate
574 1981 755 2055 temporum
774 1966 928 2043 exsistere,
951 1965 1050 2033 uthis
1062 1983 1190 2033 ornatus
1203 1992 1279 2032 nm-

343 2108 440 2177 quam
460 2080 598 2172 dilapsus
617 2078 763 2149 oecidet''
787 2078 861 2169 (2);
896 2079 937 2148 de
960 2092 1072 2150 motus
1096 2084 1189 2166 „Nee
1210 2107 1283 2150 vero

345 2194 628 2267 Aristoteles
653 2221 719 2265 non
739 2195 914 2263 landandus
935 2198 1039 2281 ineo,
1064 2195 1154 2288 quod
1167 2200 1282 2279 omnia,

345 2341 426 2410 quse
458 2301 665 2397 moventur(
684 2329 739 2380 sut
763 2329 873 2381 nature
893 2316 1011 2382 moveri
1035 2317 1156 2383 censuit
1174 2333 1228 2383 snt
1252 2317 1282 2382 vi

343 2449 398 2501 eut
425 2420 611 2503 'voluntates
646 2432 771 2513 moveri¹
798 2448 902 2498 eutem
934 2431 1030 2499 solem
1063 2432 1226 2499 erinnem
1250 2450 1283 2499 et

344 2550 445 2623 sidere
468 2547 590 2617 omnis:
617 2571 699 2639 quse
717 2564 821 2615 eutem
835 2566 946 2637 netum
959 2566 1178 2634 moverentur,
1203 2551 1282 2620 haee

344 2682 399 2734 eut
435 2661 577 2754 pondere
613 2659 761 2749 deorsum
788 2677 843 2729 sut
873 2661 997 2733 levitate
1027 2662 1158 2731 sublime
1179 2665 1281 2747 serti,

344 2804 482 2873 qnorum
503 2794 653 2847 nentrum
673 2777 762 2844 astris
771 2780 984 2867 contingeret,
1007 2795 1173 2871 prepterea
1191 2779 1280 2871 qnod

342 2922 453 2981 esrum
484 2913 588 2967 motus
613 2896 648 2961 in
679 2894 790 2963 orbem
809 2894 996 2987 eirnumque
1018 2894 1178 2965 serretur”
1202 2894 1251 2984 (3)
1263 2926 1275 2980 3

343 3014 385 3087 de
403 3020 532 3106 spatie:
577 3010 689 3097 „Nihil
705 3027 775 3097 est,
800 3009 889 3102 qnod
914 3027 1001 3081 vseet
1020 3031 1177 3102 eorpore3
1203 3037 1276 3082 eor-

345 3192 539 3210 ἡ

349 3274 1281 3385 menmmmmm

343 3416 379 3491 11,
411 3412 462 3473 58.
493 3411 582 3491 Vulgo
602 3411 767 3490 interpretes
794 3410 911 3470 ederunt
934 3407 1052 3469 Arist.
1078 3408 1114 3469 de
1143 3408 1231 3468 Coele
1254 3409 1278 3483 i,

346 3524 394 3592 10,
436 3522 486 3599 11,
529 3522 565 3597 ΙΙ,
613 3524 640 3582 1.
684 3520 724 3587 (5)
758 3519 794 3579 de
822 3516 857 3577 N.
878 3519 913 3579 D.
942 3518 977 3595 11,
1012 3518 1062 3579 16.
1090 3518 1279 3607 Davisius

344 3632 467 3696 emierre
501 3630 636 3709 praecipit
673 3628 794 3688 Arist.
826 3626 861 3685 de
893 3627 980 3688 Coelo
1009 3628 1044 3703 li,
1071 3625 1091 3686 8
1114 3640 1142 3686 et
1168 3628 1215 3693 ili,
1244 3629 1277 3703 2,

344 3737 700 3822 wyttenbachius,
740 3736 775 3813 li,
818 3738 866 3801 12.
899 3736 952 3797 cr.
988 3735 1094 3796 Tenn.
1122 3735 1277 3811 0.1.111,

343 3840 374 3929 p]
405 3851 475 3928 172,
512 3847 581 3924 175,
618 3847 757 3916 Stant,
795 3849 831 3916 li,
857 3868 889 3927 p.
923 3847 993 3923 159,
1024 3847 1071 3925 qui
1085 3847 1180 3909 landet
1193 3847 1277 3927 Phys.

343 3958 378 4032 V,
409 3960 438 4025 3,
463 3961 483 4019 9
508 3971 537 4019 et
563 3957 756 4034 Krische,
786 3957 822 4017 0.
848 3958 868 4017 Ι.
896 3966 926 4037 p.
954 3958 1016 4019 286
1037 3976 1098 4037 sqq.
