2894 4896
761 365 821 430 112

318 569 469 643 quantem
490 565 626 638 segregat
637 553 677 618 ab
689 565 811 619 oratore
831 548 920 614 Aris
930 544 1085 617 toteles.
1097 583 1142 598 ·-
1155 546 1267 637 Quare

318 669 460 758 primum
488 664 528 731 ad
553 665 687 732 heroum
709 687 766 733 nos
794 662 946 754 (dactyli,
971 679 1004 737 et
1029 664 1207 754 anapaesti,
1229 680 1266 729 et

318 780 452 871 spondei
475 779 606 875 pedem)
627 782 759 850 invitat:
782 781 817 846 in
837 803 903 870 quo
915 780 1047 873 impune
1059 776 1208 875 progredi
1217 777 1263 844 li-

318 914 369 965 cet
390 896 456 964 duo
478 895 636 963 duntaxat
649 894 767 990 pedes,
792 911 846 961 aut
867 893 974 988 paullo
998 892 1092 987 plus,
1112 916 1154 959 ne
1170 891 1264 985 plane

319 1018 353 1083 iu
376 1038 521 1099 versum,
544 1031 598 1081 aut
625 1012 863 1082 similitudinem
886 1035 1035 1081 versuum
1047 1007 1259 1094 incidamus,”

318 1149 351 1199 et
387 1132 423 1197 in
452 1134 586 1197 Oratore
620 1129 670 1221 (l)
699 1132 767 1221 ipse
801 1131 981 1198 Ciceros
1018 1128 1122 1219 „Qui
1142 1151 1263 1221 paeoua

319 1263 544 1340 praetereunt,
565 1266 632 1315 non
654 1244 765 1315 vident
787 1244 1004 1314 mollissimum
1029 1271 1047 1311 a
1068 1267 1260 1311 serenume·

319 1392 410 1442 rum.
446 1364 649 1456 eundemque
680 1363 905 1454 amplissimum
941 1364 1114 1455 praeteriri.
1158 1361 1260 1454 Quod

318 1481 411 1570 longe
446 1480 687 1550 Aristoteli
725 1479 851 1549 videtur
881 1503 992 1564 meua,
1025 1481 1082 1570 qui
1113 1477 1260 1567 judicat,

320 1597 454 1664 heroum
474 1616 644 1664 numerum
667 1594 887 1685 grandiorem,
917 1620 1013 1686 quam
1034 1592 1192 1660 desideret
1206 1617 1260 1661 so·

321 1712 386 1778 luta
419 1713 539 1796 orati03
571 1713 721 1800 jambam
753 1729 859 1779 autem
891 1711 984 1777 nimis
1016 1734 1033 1777 e
1065 1707 1184 1798 vulgari
1201 1731 1263 1776 esse

320 1848 472 1893 sermone.
517 1826 566 1893 Ita
587 1849 692 1916 neque
713 1825 891 1908 humilem,
917 1841 950 1893 et
969 1824 1126 1914 abjectam
1145 1825 1261 1893 matid-

321 1968 417 2028 aem,
452 1968 512 2012 uec
542 1945 635 2012 nimis
669 1944 762 2013 altam
799 1962 832 2011 et
865 1962 1082 2033 exaggeratam
1116 1945 1259 2037 probat:

321 2060 449 2153 plenam
472 2076 576 2127 tamen
597 2085 667 2129 eam
678 2060 746 2129 vult
768 2084 832 2128 esse
853 2062 1031 2150 gravitatis,
1061 2076 1097 2126 ut
1117 2083 1186 2144 eos,
1206 2060 1263 2150 qui

322 2174 450 2243 audient
476 2180 517 2242 ad
538 2179 686 2264 majorem
704 2174 943 2244 admirationem
966 2177 1064 2265 possit
1088 2173 1261 2243 traducere.

324 2291 526 2357 Trochaeum
560 2308 686 2375 autem,
728 2293 783 2381 qui
814 2308 860 2358 est
890 2288 1001 2360 eodem
1037 2291 1167 2381 spatio,
1193 2313 1259 2380 quo

322 2403 480 2488 choreus,
530 2403 695 2473 cordacem
728 2406 886 2500 appellat,
919 2409 995 2498 quia
1025 2406 1198 2476 conuactio
1226 2420 1260 2473 et

321 2521 456 2590 brevitas
485 2517 671 2607 dignitatem
708 2546 773 2590 non
802 2521 926 2591 habeat.
972 2523 1018 2593 lta
1041 2547 1158 2615 paeona
1178 2545 1257 2613 pro·

320 2638 395 2720 bat,
435 2659 535 2726 eoque
557 2637 601 2702 ait
622 2637 669 2703 uti
687 2661 817 2722 omnes,
840 2636 895 2705 sed
930 2640 1012 2731 ipsos
1034 2661 1100 2709 nou
1120 2639 1256 2718 sentire,

321 2776 422 2842 quum
453 2767 606 2819 utantur:
650 2776 715 2819 esse
746 2770 851 2822 autem
883 2757 1012 2822 tertium
1044 2780 1081 2824 ac
1116 2751 1257 2821 medium

320 2873 405 2940 iuter
423 2871 512 2941 illosr
541 2870 596 2939 aed
620 2875 661 2942 ita
682 2872 780 2942 factos
804 2898 856 2942 eos
878 2872 976 2967 pedes
999 2895 1080 2955 esse,
1099 2888 1137 2938 ut
1160 2872 1194 2937 in
1214 2870 1257 2936 eia

320 2990 448 3078 siugulis
470 2987 582 3058 modus
604 2990 678 3057 insit
698 3006 754 3058 aut
774 2989 970 3083 sesquiplex,
991 3005 1045 3056 aut
1056 2986 1192 3081 duplex,
1205 3002 1259 3053 aut

321 3111 474 3201 par.”--
494 3111 588 3192 „Iam
609 3112 754 3198 paeon,’'
776 3112 1061 3203 pergitCicero,
1075 3110 1125 3200 (2)
1145 3106 1257 3202 „quod

321 3225 426 3316 plures
457 3223 573 3289 habeat
605 3223 752 3313 syllabas,
792 3232 1011 3315 quamtres,
1061 3252 1211 3297 numerus
1241 3253 1259 3293 a

324 3336 540 3431 quibusdam,
582 3362 647 3407 nou
680 3365 735 3433 pes
775 3342 919 3412 habetur.
964 3346 1021 3412 Eat
1052 3343 1205 3437 quidem,
1224 3359 1260 3409 ut

322 3456 405 3519 inter
441 3475 550 3521 omnes
585 3471 707 3521 constat
738 3459 907 3549 antiquos,
937 3458 1259 3540 Aristotelem,

323 3572 675 3667 Theophrastum,
697 3576 1006 3667 Theodectem,
1030 3578 1258 3673 Ephorum,

328 3746 556 3769 Μ

327 3860 330 3871 “
363 3865 403 3938 (1)
423 3880 449 3921 c.
474 3863 525 3921 57.
551 3860 597 3925 ct
619 3864 771 3944 Harles‚
802 3868 837 3928 ad
867 3866 945 3929 cie.
968 3870 1003 3932 de
1026 3868 1105 3931 Orat.
1134 3869 1184 3949 lll,
1205 3870 1255 3930 tt.

320 3971 359 4049 (l)
383 3965 464 4032 Orat.
489 3991 516 4031 c.
547 3973 598 4033 dl.
