2894 4896
649 430 706 498 tta

189 636 271 687 unus
303 618 476 709 aptissimus
511 612 642 683 orationi
673 610 718 681 rel
753 616 864 682 orienti
904 608 952 681 rei
985 612 1130 682 medicor

188 750 305 826 putent
335 733 380 800 illi
409 734 505 799 etiam
527 729 690 801 cadenti.''
738 732 833 797 Hunc
858 729 963 797 locum
985 730 1138 796 Cicero

188 847 255 915 fere
289 847 329 914 cd
353 850 485 915 verbum
506 870 546 911 ex
566 844 785 912 Aristotele
807 845 1029 932 interpretatus
1061 862 1137 931 este

192 969 250 1035 hic
282 970 368 1043 enim
400 968 483 1033 libro
508 969 600 1032 tertio
620 964 661 1031 de
682 967 849 1032 Rhetorica
871 966 940 1056 (l):
1007 969 1076 1033 Τῶν
1102 966 1137 1037 δὲ

197 1216 295 1303 μονίας
332 1211 477 1302 δεόμενος,
523 1216 538 1281 6
564 1207 702 1311 δ’ἵαμβος
727 1214 800 1284 αὐτή
825 1215 888 1289 έςιν
914 1217 932 1284 ἡ
959 1210 1035 1292 λέξις
1050 1217 1069 1286 ἦ
1083 1221 1142 1285 τῶν

196 1339 322 1407 πολλῶν·
350 1336 398 1403 διὸ
422 1339 539 1427 μαλιςα
565 1344 680 1405 πάντων
706 1344 763 1404 τῶν
783 1341 895 1429 μέτρων
910 1335 1032 1428 ἰαμβεῖα
1046 1339 1139 1430 φθέγ-

197 1489 295 1554 γονται
334 1465 471 1552 λέγοντες.
503 1463 554 1529 δεῖ
580 1461 614 1529 δὲ
640 1468 798 1552 σεμνότητα
824 1466 943 1552 γενέθαι
969 1466 1018 1530 καὶ
1045 1467 1142 1542 ἐκρῆ-

199 1615 261 1656 σαι.
302 1592 317 1655 6
357 1587 392 1654 δὲ
429 1592 566 1677 τροχαῖος
604 1585 856 1678 κορθακινιέτερος·
901 1586 993 1660 tntu*
1028 1588 1063 1655 δὲ
1101 1593 1140 1656 τοὶ

202 1718 389 1804 τετράμετρα·
434 1718 480 1787 ἔτι
511 1714 571 1803 γὰρ
597 1713 730 1803 τροχερός
755 1712 859 1802 ρ’νθμός
884 1715 922 1778 τὰ
948 1718 1139 1806 τετράμετρα.

202 1839 328 1904 λείπεται
372 1835 407 1903 δὲ
434 1842 537 1904 παιοίν.
557 1876 621 1889 --
646 1841 693 1911 έςι
721 1834 756 1902 δὲ
783 1838 873 1927 τρίτος
899 1838 913 1901 6
942 1844 1060 1924 παιάν,
1086 1836 1137 1903 καί

203 1962 336 2053 ἐχόμενος
362 1969 419 2029 τῶν
445 1963 609 2054 εἰρημένων·
638 1964 703 2052 τρία
728 1963 789 2050 γὰρ
816 1960 885 2051 πρὸς
912 1955 958 2027 66⁹
987 1962 1076 2047 ἐςίν,
1106 1962 1143 2025 ε’-

162 2092 164 2095 ’
204 2088 302 2152 κείνων
327 2084 362 2153 66
386 2088 401 2153 6
427 2086 478 2177 μὲν
504 2083 534 2151 ἓν
560 2085 628 2177 πρὸς
654 2084 709 2172 έν,
736 2079 809 2149 ὁθὲ
834 2078 887 2149 660
914 2084 983 2175 πρὸς
1008 2089 1048 2149 ἕν.
1065 2086 1141 2170 ἔχε-

204 2233 252 2278 ται
279 2207 315 2276 δέ
340 2216 397 2277 τῶν
421 2209 514 2301 λόγων
545 2210 649 2275 τούτων
680 2210 695 2274 6
734 2208 871 2297 ἡμιολιος·
902 2198 980 2283 οὗτος
1015 2202 1142 2284 θ’ἔςὶνὸ

203 2340 307 2402 παιοέν.
351 2338 376 2401 οἱ
423 2335 476 2425 μέν
518 2327 566 2400 οὖν
601 2332 684 2400 ἄλλοι
738 2328 793 2397 διαί
819 2358 848 2400 τε
873 2335 911 2398 τὰ
940 2334 1072 2425 εἰρημένα
1101 2334 1144 2397 ἀ-

204 2464 294 2553 φετέοι
306 2512 317 2549 ,
351 2460 400 2526 καὶ
429 2458 503 2526 διότι
534 2461 672 2550 μετρικοί·
704 2460 718 2523 6
752 2455 787 2523 δὲ
814 2458 906 2524 παιὰν
935 2458 1065 2534 ληπτέος·
1082 2459 1143 2525 ἀπὸ

205 2595 289 2678 μόνον
316 2593 376 2681 γὰρ
402 2592 452 2657 οὐκ
478 2596 524 2665 έςι
556 2592 658 2679 μέτρον
687 2595 744 2654 τῶν
774 2587 913 2678 ῥηθέντων
933 2587 1065 2678 ῥυθμῶν,
1081 2593 1143 2663 oce

207 2714 324 2800 μαλιςα
347 2714 507 2778 λανθάνειν.
537 2717 584 2776 νῦν
614 2713 666 2800 μὲν
695 2706 743 2778 οὖν
772 2719 900 2803 χρῶνται
930 2718 971 2800 τῷ
1002 2712 1042 2777 ἑνί
1067 2737 1145 2780 παι-

250 2884 291 2959 (i)
313 2902 338 2941 c.
368 2883 399 2943 8.
423 2883 475 2944 Cff.
495 2884 570 2960 Cic.
594 2888 629 2946 de
652 2887 731 2946 Orat.
757 2887 805 2962 tlt,
835 2889 897 2947 crs
952 2889 1068 2967 „Atque
1100 2890 1143 2949 iiii

207 2992 372 3070 philosopho
403 2992 488 3052 ordiri
513 2993 641 3070 placeto
668 2992 811 3069 superiore
838 3012 964 3070 paeone,
987 2998 1143 3074 posteriore

205 3100 316 3178 finire'’‚
353 3120 379 3162 c.
418 3103 477 3162 50:
520 3115 593 3177 „aut
621 3105 649 3162 in
670 3121 777 3181 paeone
798 3104 846 3164 illo
870 3104 1025 3182 posteriore
1061 3123 1144 3183 quem

196 3212 428 3271 Aristoteles
449 3205 592 3290 probus*
614 3226 643 3272 et
668 3210 748 3272 Orat.
772 3232 799 3272 c.
820 3213 881 3272 65:
905 3211 1143 3290 „dichoreur,-

205 3336 289 3400 quem
316 3320 535 3381 Aristoteles
556 3334 586 3380 ut
612 3318 747 3402 optimum
773 3322 898 3400 probet3
923 3341 938 3381 a
963 3338 1017 3400 quo
1036 3322 1144 3386 dioscu-

203 3428 277 3490 tio.'’
321 3430 360 3506 (λ)
384 3429 431 3488 Du
453 3428 611 3490 Valliue
640 3443 668 3491 et
693 3431 875 3491 Bekkcrur
896 3431 995 3519 nerito
1010 3432 1145 3494 eliserunt

203 3537 331 3599 voculam
361 3546 410 3616 οὐ,
446 3556 529 3618 quarn
569 3539 691 3600 nonnulli
728 3540 1018 3619 receperun13modo
1043 3558 1144 3603 rocem

203 3651 316 3717 λικτιιιὸς
345 3647 399 3708 rite
430 3648 666 3728 interpretemur,
698 3668 764 3710 cum
792 3648 916 3726 delectu,
939 3650 968 3709 id
996 3658 1146 3710 estcautc

204 3767 285 3834 etque
309 3776 397 3836 parce
423 3759 616 3835 adhibendus;
654 3779 708 3838 quo
732 3760 788 3835 fit,
817 3772 848 3818 ut
876 3771 904 3818 ct
934 3759 1003 3819 haec
1022 3777 1075 3819 vor
1094 3774 1145 3820 se-

204 3865 369 3940 quentibus,
406 3875 422 3932 ἡ
458 3873 525 3941 λέξις
544 3877 559 3935 ἡ
581 3882 634 3930 τῶν
655 3869 781 3940 πολλῶν,
804 3881 979 3946 opponetur,
1010 3880 1038 3928 ct
1062 3870 1144 3930 ambo
1214 3913 1218 3918 .
1257 3896 1259 3900 ’

204 3969 423 4057 Ciceronis
461 3975 547 4041 ioca,
584 3994 654 4055 quae
692 3976 764 4034 inter
788 3993 817 4035 se
840 3996 962 4056 pugnare
994 3978 1143 4053 ridentur,

205 4079 310 4156 optime
333 4079 523 4142 concilientur.

1035 4168 1056 4232 8
