2930 4812
779 435 800 499 l

328 621 486 689 toteles
528 643 594 684 non
638 619 831 688 laridandus
856 620 928 711 (l),
963 625 1144 713 ptueelnre
1183 646 1262 713 ergo

327 733 590 803 Aristoteles
614 734 676 826 (2).
719 735 817 802 Illud
834 760 911 803 uero
934 742 975 805 ab
1006 739 1262 804 Aristotele

327 853 615 934 animadversam,
638 877 661 917 α
681 875 745 940 quo
763 855 951 941 pleraque,
972 858 1047 942 quis
1063 864 1174 942 potest
1194 876 1262 918 uon

326 972 450 1032 mirari
470 966 549 1052 (3)?
655 1014 660 1019 -

369 1081 492 1172 Quodsi
527 1081 734 1167 haelendes,
770 1085 889 1173 quibus
923 1084 996 1150 uliae
1029 1086 1081 1151 rix
1104 1086 1259 1174 aequipe-

325 1193 547 1277 randue,enm
570 1191 835 1261 Aristotelis
857 1191 1000 1281 seriptis,
1019 1205 1057 1255 nt
1068 1211 1258 1280 supersunt,

325 1332 562 1397 comparemus,
586 1308 702 1372 mirum
725 1302 805 1396 quid
830 1306 982 1372 continuo
1006 1306 1099 1371 nobis
1118 1305 1258 1391 aeeidit,

324 1443 356 1491 et
378 1426 630 1491 Ciceronem
652 1420 729 1488 adeo
746 1423 856 1507 nugari
874 1436 1041 1511 putemusz
1066 1419 1260 1489 admiramur

325 1538 456 1630 quidem
477 1540 566 1604 iniis
589 1539 707 1625 ingenii
731 1561 886 1619 acumen,
921 1538 956 1601 in
992 1538 1086 1602 rebus
1111 1539 1256 1629 partien-

323 1656 393 1738 dis,
417 1653 608 1722 deliniendis
632 1671 664 1719 et
686 1651 865 1740 dijumndis
890 1652 1119 1737 subtilitatem
1156 1678 1255 1719 ornu-

322 1789 428 1840 mentu
462 1795 536 1837 vero
565 1768 714 1851 dicendi,
749 1771 896 1836 orationis
926 1770 1108 1834 suavitatem
1131 1792 1258 1859 prorsus

322 1880 556 1968 desideramus,
581 1903 614 1952 et
635 1909 746 1978 saepe,
760 1909 834 1952 eum
856 1884 1055 1949 Trebatio
1076 1882 1278 1979 interpretis·

322 2028 438 2069 munus
458 2004 674 2091 requirentes,
708 1991 748 2066 ab
770 2003 838 2085 ejus
859 1998 1014 2063 librorum
1036 1995 1169 2062 lectione
1190 1997 1257 2062 ob-

322 2120 470 2186 scuritate
491 2119 673 2205 rejicimur3
712 2113 766 2180 sed
800 2112 1026 2198 sidiligentius
1058 2128 1120 2177 tum
1150 2112 1255 2178 Ari-

322 2232 499 2301 stotelis
523 2256 621 2321 quum
641 2231 876 2298 Ciceronis
898 2230 1090 2317 scriptorum
1104 2230 1257 2296 rationem

319 2346 606 2441 perpenderimus,
628 2346 719 2411 hunc
744 2346 910 2411 maximam
932 2361 1057 2433 partem
1078 2344 1159 2410 illius
1180 2344 1252 2410 dia·

318 2464 402 2550 logos
424 2463 499 2549 (²1),
525 2459 719 2550 dequibus
755 2461 869 2545 injurie
901 2477 1080 2549 temporum
1109 2458 1255 2548 judicare

318 2604 384 2646 non
414 2579 511 2661 lieet,
548 2575 717 2666 respexisse
748 2574 953 2662 intelligemus
989 2576 1061 2666 (ἰῆς
1100 2601 1134 2642 ea
1169 2577 1254 2643 enim

360 2917 399 2991 (l)
415 2915 450 2973 de
465 2915 548 2981 N.‚l)⁴
565 2915 602 2981 ll,
623 2916 671 2975 16.
712 2916 924 2991 (illoed'l.
957 2920 996 2996 (ὅ)
1012 2919 1093 2978 11ι.ο.
1110 2921 1162 2980 49.
1206 2919 1252 2978 ct.

315 3024 405 3088 Aead,
428 3023 463 3090 ll,
484 3024 537 3099 ll,
564 3024 598 3083 de
628 3025 689 3083 Fin.
715 3026 750 3100 ll,
778 3027 809 3101 6,
833 3028 869 3086 de
888 3027 975 3102 legg.
996 3027 1044 3091 ΙΙΙ,
1065 3028 1094 3093 6,
1137 3028 1172 3083 ud
1192 3027 1250 3087 tu.

315 3135 364 3211 lV,
380 3134 434 3212 Ep.
456 3135 503 3193 16.
536 3137 575 3211 (l)
586 3135 632 3194 Cs.
647 3136 756 3213 Wytt.
778 3135 877 3193 Praee.
899 3135 974 3191 Phil.
986 3133 1054 3209 Log.
1068 3152 1099 3209 p.
1115 3132 1165 3191 99.
1210 3137 1251 3213 (5)

314 3246 356 3303 Ex
380 3245 596 3313 recentioribus,
637 3247 685 3323 qui
718 3246 747 3303 in
777 3244 987 3302 Aristotele
1022 3243 1160 3304 laudando
1186 3247 1252 3306 sutis

313 3353 390 3432 purei
415 3353 560 3429 videntur„
593 3356 654 3434 ejus
683 3354 873 3429 scriptorum,
900 3369 971 3427 quae
998 3366 1164 3429 supersunt,
1188 3355 1254 3413 luu-

314 3464 365 3521 ‹les
380 3462 473 3543 nullus
484 3463 581 3525 melius
595 3462 731 3540 pereipit,
760 3478 843 3537 quam
859 3460 913 3518 Fr.
932 3458 1129 3539 Sohlegel,
1146 3463 1249 3522 Gessh,

315 3572 365 3629 der
383 3572 458 3650 alten
475 3572 530 3648 und
544 3589 648 3629 neuern
662 3569 748 3627 liter.
775 3567 809 3629 Τ.
828 3568 851 3644 l,
879 3588 910 3646 p.
938 3568 990 3645 78,
1015 3569 1047 3630 T.
1067 3570 1103 3647 ll,
1132 3591 1161 3648 p.
1175 3572 1249 3631 210:

316 3724 338 3756 „
351 3681 401 3740 Ais
420 3679 618 3741 Schriltsteller
642 3679 691 3736 hut
713 3677 942 3739 Aristoteles
959 3681 1014 3739 den
1034 3679 1187 3740 Charakter
1201 3681 1254 3739 der

313 3791 454 3872 Elegunz,
477 3789 527 3846 der
556 3787 583 3844 in
608 3787 713 3845 seinem
734 3787 864 3867 Zeitalter
884 3810 917 3849 zu
945 3786 1096 3850 herrsehen
1125 3790 1251 3869 unling.”

316 3899 373 3974 „ln
403 3897 453 3954 der
477 3907 605 3972 strengen
628 3897 876 3975 Angemessenheit
903 3901 949 3959 bei
974 3900 1024 3960 der
1048 3900 1254 3960 vollkommnen

314 4006 440 4068 lilarheit
460 4009 510 4068 der
538 4008 818 4072 wissenschaltliehen
846 4010 1006 4072 Schreibart
1042 4013 1091 4072 hut
1113 4013 1253 4073 Aristo·
