2918 4814
593 356 597 365 ’
656 396 718 470 rot

203 587 321 674 scripte
343 607 409 652 nou
427 583 563 670 adsunt,
587 604 669 678 quae
691 583 877 673 hujusmodi
899 584 980 655 dicti
1009 591 1153 655 auctori*

206 711 301 764 utrm
332 694 381 765 sol
412 697 493 763 tueri
526 695 577 765 vet
599 696 765 765 infirmum
785 698 930 791 possint,
962 697 1172 790 psusdscine·

204 809 350 895 dixerim,
373 813 617 881 ocntrmcrsium
637 811 788 879 dirimere
811 831 878 880 non
894 811 1039 885 >videtur

208 970 211 979 ·
251 930 298 996 Ut
314 942 420 992 autem
441 929 581 1018 eripuis
605 926 692 994 tibris
724 926 768 994 ds
802 926 932 995 {onibus
964 919 1148 1015 unguetenus

206 1029 314 1138 perun
337 1061 446 1115 conus
470 1036 667 1130 Madvigii
688 1045 899 1129 secuntum
924 1034 1150 1133 quorsumiitu

205 1163 324 1231 montio
341 1160 384 1230 dt
403 1157 569 1229 Luculli
591 1158 784 1227 bibliotheca
805 1156 877 1247 (Ι),
900 1180 940 1227 eo
964 1159 1057 1244 loco,
1083 1173 1151 1248 quc

208 1280 489 1358 cnmssutone,
512 1268 616 1345 scotos
635 1273 849 1351 defendente,
874 1272 917 1341 ds
931 1268 1152 1343 summobono

206 1395 246 1460 sit
274 1393 515 1486 disputaturus?
557 1390 625 1457 Nisi
654 1392 688 1457 in
709 1409 766 1472 ea,
790 1389 838 1456 vei
857 1406 977 1461 novum
998 1410 1146 1480 pennum

207 1507 354 1576 adsutum
388 1505 572 1580 videamus·
595 1504 665 1586 rol,
688 1503 779 1593 quod
803 1504 884 1572 mihi
908 1503 1044 1593 quidem·
1063 1520 1146 1596 pro·

206 1621 340 1690 mortu
361 1620 510 1703 videtur,
544 1635 613 1689 com
634 1619 778 1691 consulto
799 1645 816 1686 u
841 1608 1091 1707 Οἰόοιόηο),Ι
1117 1632 1152 1693 u't

207 1761 287 1817 cum¹
312 1736 450 1828 reliqum
484 1734 703 1828 disputationis
737 1751 891 1804 contextu
923 1753 1007 1807 urcte
1033 1737 1151 1807 ochse-

206 1868 284 1934 reut,
307 1853 548 1943 interpositum
572 1850 674 1918 ethice
694 1851 790 1938 igitur
808 1853 952 1943 scripte,
976 1869 1040 1920 tom
1062 1854 1152 1923 sui-

208 1988 318 2035 corum
344 1962 453 2046 libris,
487 1986 584 2057 quum
605 1963 872 2031 Aristotelis
895 1965 1154 2050 commentariis,

208 2102 289 2166 quae
334 2080 378 2146 ibi
416 2094 668 2160 commemorat,
715 2079 850 2177 maxime
886 2093 1025 2169 spectatu
1060 2079 1155 2161 {uisse

208 2191 360 2261 dicamus.
426 2195 591 2283 Quorsum
622 2192 672 2258 illu
697 2189 886 2280 praedicatio
915 2194 1070 2284 propositi
1101 2192 1151 2259 sui
1277 2182 1292 2196 “

209 2306 497 2378 Aristotelem
532 2331 597 2376 non
622 2305 794 2394 vertendi,
829 2302 884 2374 sed
909 2308 993 2377 locos
1028 2325 1152 2377 tuntum

213 2422 368 2518 quosdam
402 2421 611 2491 transferendi
635 2423 705 2514 (2),
740 2425 775 2489 in
812 2424 861 2489 his
885 2425 1084 2515 potissimum
1110 2425 1154 2491 li-

209 2540 296 2639 bris,
328 2541 363 2607 iu
392 2541 510 2635 quibus
533 2524 653 2627 scripta
673 2540 744 2626 ejus
766 2537 847 2605 famu
871 2555 995 2605 tentum
1013 2532 1073 2606 sib'i
1097 2541 1152 2606 in-

210 2658 347 2724 notuisse
368 2655 514 2743 profiteri
539 2670 664 2723 coaetus
687 2651 822 2721 suisset?

220 2796 223 2803 ’
257 2768 358 2860 Quod
392 2790 466 2835 vero
492 2766 533 2834 ud
560 2766 812 2850 Stuhrium,
834 2766 1072 2858 consedccnm
1091 2770 1147 2834 ni-

213 2884 272 2952 mis
303 2883 461 2952 curioeum
494 2879 585 2946 fuisse
621 2881 656 2945 in
685 2879 838 2948 similibus
870 2882 1035 2970 utriusque
1075 2880 1153 2950 locis

212 2994 516 3093 deprehendendis,
550 2995 701 3088 idemque
734 2997 950 3085 Madvigio
972 3002 1144 3085 assentior,

213 3138 232 3182 e
263 3117 508 3184 Ciceronis
541 3112 668 3207 scriptis
698 3112 781 3181 effici
815 3136 929 3205 posse,
966 3136 1040 3181 eum
1058 3117 1153 3201 magis

213 3229 408 3299 reconditum
430 3230 536 3297 Aris
550 3245 563 3294 t
575 3254 594 3296 ο
604 3245 617 3295 t
627 3252 644 3294 e
654 3228 664 3294 l
674 3230 685 3294 i
697 3253 742 3295 ae
763 3227 926 3297 doctrinae
951 3246 1074 3320 purtem
1087 3252 1154 3297 non

216 3346 417 3437 percepisse,
440 3369 501 3414 nec
517 3347 659 3434 scripta,
682 3370 764 3436 quae
788 3346 872 3415 hunc
882 3346 1060 3415 doctrinam
1072 3372 1154 3415 con·

216 3463 330 3545 tinent,
350 3460 478 3548 legisse3
503 3459 559 3526 sed
581 3461 676 3549 hujus
698 3461 817 3548 generis
839 3461 955 3555 scripta
967 3464 1153 3531 arctioribus

214 3575 365 3644 limitibus
397 3570 590 3643 includendo
624 3600 687 3644 esse
716 3579 841 3668 opinor.
889 3577 933 3645 Ut
974 3579 1153 3647 obscuriora

218 3709 293 3760 sunt
314 3707 524 3784 quaecunque
549 3688 589 3757 de
609 3692 829 3783 metaphysicis
849 3691 920 3783 (3),
944 3693 1091 3785 physicis,
1116 3688 1156 3758 de

216 3862 415 3880 Μ

263 3965 302 4042 (i)
325 3966 397 4048 disp.
419 3986 450 4028 n,
479 3988 508 4045 p.
536 3968 575 4029 37
598 3988 640 4048 sq.
688 3971 727 4050 (i)
750 3972 821 4053 disp.
846 3994 873 4035 n.
889 3994 919 4053 p.
939 3975 1008 4035 157.
1053 3972 1153 4052 (stuf.
