2918 4814
754 327 816 396 las

333 524 561 614 Παραλιπίντων
603 513 652 586 οὖν
683 514 740 586 τῶν
769 522 914 610 προτέρων
939 522 1123 610 ἀνερεθνητον
1149 522 1179 588 τὸ
1205 522 1271 614 περί

331 659 379 722 τῆς
416 646 605 734 νομοθεσίας,
646 644 747 719 αὐτοὺς
787 644 985 732 ἑπισκίψαθαι
1016 644 1130 733 μᾶλλον
1156 644 1271 733 βελτιον

332 773 424 856 ἴσως,
451 766 501 833 καί
527 768 599 842 ὅλοις
624 765 664 838 δὴ
692 767 758 857 περὶ
784 768 954 854 πολιτείοις,
979 770 1056 844 ’ὅπως
1082 771 1121 845 είς
1146 769 1270 861 δύναμιν

331 900 349 966 ἡ
377 895 441 984 περὶ
468 895 505 960 τὰ
531 892 698 983 ἀνθρώπινα
723 890 874 983 φιλοσοφίαι
899 890 1043 982 τελειωθῇ.
1071 901 1184 984 πρῶτον
1218 897 1270 985 μὲν

330 1010 377 1085 οὖν
391 1019 430 1113 ἐί
453 1043 479 1084 τι
507 1019 583 1083 κατὰ
608 1018 692 1106 μέρος
719 1017 828 1107 εἴρηται
854 1017 949 1092 καλῶς
975 1016 1031 1083 ὑπὸ
1056 1023 1114 1083 τῶν
1130 1043 1269 1110 προγενε-

329 1140 423 1234 ’ςέρων
463 1140 642 1231 πειραθῶμεν
668 1139 821 1227 ἐπελθεῖν,
863 1139 924 1206 εἶτα
949 1141 981 1205 ἐκ
1006 1144 1063 1206 τῶν
1087 1147 1270 1232 συνηγμένων

330 1264 480 1333 πολιτειῶν
519 1265 659 1354 θεωρῆσαι
702 1265 741 1329 τά
784 1265 854 1330 ποῖα
895 1263 982 1341 σῶζει
1009 1263 1059 1329 καί
1086 1265 1189 1357 φθείρει
1217 1269 1269 1343 τοὶς

330 1393 424 1466 πολεις
466 1390 515 1456 καί
555 1391 593 1456 τοί
628 1391 698 1455 ποῖα
723 1388 833 1464 ἑκοίςας
859 1394 916 1455 τῶν
945 1388 1112 1477 πολιτειῶν,
1139 1392 1188 1457 καί
1215 1391 1270 1458 διὰ

331 1520 407 1591 τίνας
449 1515 541 1589 αἰτίας
565 1515 596 1578 αἱ
623 1511 676 1601 μὲν
701 1512 797 1587 καλῶς
826 1515 856 1578 αἱ
883 1511 919 1579 δὲ
944 1513 1103 1581 τούναντίον
1133 1517 1269 1584 πολιτεύ-

329 1656 418 1707 ονται·
447 1638 640 1729 θεωρηθέντων
664 1638 730 1726 γὰρ,
750 1637 855 1702 τούτων
880 1631 951 1725 τοίχ’
979 1637 1018 1704 ἂν
1042 1638 1156 1726 μᾶλλον
1183 1644 1267 1708 συνί-

329 1762 430 1850 θοιμεν
455 1761 504 1829 καί
531 1763 599 1833 ποία
625 1759 754 1826 πολιτεία
778 1763 896 1850 ἀρίςη,
924 1761 973 1828 καί
1000 1767 1062 1840 πῶς
1076 1763 1170 1840 ἑκάς-η
1185 1790 1268 1853 ταχ-

330 1887 436 1972 θεῖσα,
476 1884 525 1950 sai
565 1886 622 1950 τίσι
664 1887 759 1971 νόμοις
784 1883 832 1948 καί
859 1884 932 1951 ἔθεσι
965 1888 1114 1977 χρωμένη.
1164 1886 1269 1955 Multo

331 2005 427 2090 magia
448 2003 619 2082 sententia,
641 2025 738 2091 quam
761 2003 934 2092 proposui,
961 2001 1110 2084 duobus,
1142 2006 1269 2090 exejus

331 2120 418 2186 lib'ris
442 2117 602 2199 Politicis,
625 2115 699 2183 locis
718 2115 899 2182 confirmari
922 2114 1068 2184 videtur:
1100 2116 1268 2207 „Quidam

321 2237 487 2325 ⁴optimam
510 2233 555 2297 rei
578 2229 724 2322 publicae
744 2224 1008 2299 administrandae
1031 2234 1165 2300 sormam
1185 2256 1265 2300 oen-

319 2363 413 2412 ⁴seras·
430 2344 578 2410 omnibus
612 2345 799 2431 permixtam
827 2368 890 2411 esse
911 2361 1079 2439 oporterc;
1104 2345 1264 2414 Lacedae-

330 2462 511 2528 moniorum
543 2460 638 2544 igitur
669 2460 924 2528 constitutionem
941 2460 1090 2545 laudant,
1113 2477 1265 2553 tanquam

235 2584 239 2590 '
331 2603 370 2643 ex
399 2575 588 2662 oligarchia,
621 2573 802 2641 monarchia
825 2592 857 2640 ct
883 2575 1070 2644 democratia
1102 2579 1261 2669 composi-

330 2713 415 2777 tam3
440 2693 563 2775 regium
587 2690 673 2756 enim
696 2691 866 2778 imperium
876 2693 1110 2776 monarchiam,
1135 2710 1263 2761 senato·

313 2838 402 2887 *rum
425 2819 496 2906 (τῶν
518 2818 669 2909 γερόντων)
693 2818 1116 2907 auctoritatemoligarchiam
1129 2838 1260 2906 vocant3

330 2960 426 3026 penas
461 2935 617 3028 populum
650 2957 725 3001 vero
748 2959 807 3025 per
828 2934 974 3026 Ephorus
997 2952 1181 3025 potestatem
1201 2959 1264 3002 csso

328 3054 466 3123 dicunt’'
491 3053 565 3140 (l),
587 3066 620 3117 et
641 3049 738 3116 altero
760 3049 830 3117 loco
852 3048 925 3137 (2)=
971 3053 1079 3135 „Cum
1100 3053 1136 3118 iu
1156 3053 1263 3119 omni·

328 3175 390 3238 bus
419 3170 595 3237 civitatibus
618 3167 677 3231 tria
700 3167 765 3231 sint
784 3168 901 3234 civium
921 3191 1054 3254 genera,
1076 3167 1126 3234 alii
1149 3167 1264 3235 divitiis

328 3288 422 3352 nimis
445 3280 679 3364 redundantes,
712 3284 805 3348 nimis
827 3300 1012 3375 paupertate
1032 3284 1175 3377 oppressi
1193 3283 1264 3366 alii,

329 3401 456 3488 tertium
481 3421 577 3485 genus
599 3421 719 3481 corum,
741 3398 799 3488 qui
818 3396 948 3466 modicis
966 3400 1081 3491 opibus
1091 3397 1266 3487 gaudeant,

327 3540 376 3580 eas
399 3517 553 3590 civitates,
578 3514 740 3602 inquibus
753 3512 965 3582 mediumhoc
978 3539 1074 3602 genus
1092 3515 1268 3606 plurimum

327 3631 434 3712 valeat,
459 3631 592 3720 optimas
619 3646 651 3695 et
671 3656 688 3695 a
714 3652 821 3694 rerum
846 3655 998 3700 novarum
1019 3629 1123 3698 studio
1132 3632 1267 3696 maxima

324 3781 555 3801 Μ

316 3835 320 3845 a

367 3867 407 3941 (Ι)
429 3864 466 3937 ΙΙ,
497 3862 527 3920 6.
555 3858 608 3919 cfr.
639 3859 686 3935 IV,
711 3879 738 3918 c.
764 3860 860 3921 sins.
877 3874 905 3921 at
920 3880 947 3921 c.
964 3859 984 3922 8
1000 3861 1172 3940 ctBuhlc,
1192 3860 1228 3921 0.
1242 3861 1263 3922 Ι.

325 3972 373 4049 ΙΙΙ,
396 3992 426 4050 p.
460 3971 530 4030 179.
576 3968 615 4046 (9)
640 3967 689 4044 lv,
719 3970 765 4027 ΙΙ.
795 3964 840 4027 Cf.
871 3968 1002 4044 Buhla,
1026 3969 1066 4029 ib.
1083 3988 1115 4050 p.
1130 3970 1190 4031 202
1202 3987 1264 4048 sqq.
