2918 4814
651 418 711 484 153

259 605 372 694 Quum
403 604 561 689 Caesar,
606 601 796 690 Pompejo
824 597 971 681 denam,
1008 598 1152 693 diotator

214 734 293 786 asset
310 717 526 801 renuntiatus,
548 715 694 782 Cicero
718 712 815 799 hnjns
834 728 940 801 partes
961 729 1051 781 autea
1061 736 1149 780 sem-

216 857 273 922 per
294 849 442 913 senatos,
474 845 607 915 urgente
629 828 831 908 necessitate,
856 850 930 893 cum
951 826 1005 893 illo
1022 829 1057 892 in
1075 852 1150 913 gruh

216 949 292 1025 tium
322 944 481 1028 redierat,
515 960 566 1019 et,
604 966 645 1009 ne
676 957 915 1033 praepotentem
944 944 1152 1010 Caesarem

217 1062 339 1128 silentio
382 1084 438 1155 suo
477 1056 599 1126 laedere
642 1056 822 1140 videratur,
865 1057 997 1125 Attici
1027 1060 1153 1125 monitis

217 1176 389 1269 Epistolam
419 1199 473 1243 seu
500 1175 791 1269 commentarium,
815 1175 849 1239 in
873 1172 1002 1263 quode
1026 1176 1155 1243 eititntis

218 1314 362 1361 romanae
398 1291 617 1361 constitutione
649 1287 846 1357 emendanda
869 1289 995 1358 oonsilio
1013 1292 1042 1357 ei
1066 1290 1155 1357 durat

218 1430 400 1497 novumque
434 1430 549 1475 munus
579 1405 804 1495 gratularetur,
829 1428 1021 1496 componere
1048 1423 1153 1476 mente

220 1547 429 1625 oonoeperatz
455 1528 728 1620 ,,Συμβουλευτικόν
749 1552 841 1622 saepe
860 1554 977 1600 eonor:
1002 1531 1082 1598 nihil
1098 1555 1154 1599 re-

220 1662 319 1751 perio:
344 1675 376 1725 et
394 1657 525 1748 quidem
544 1678 672 1724 meeum
696 1657 799 1724 habeo
822 1672 853 1723 et
878 1649 1078 1746 Ἀριςοτέλους
1107 1657 1156 1748 (l)

222 1797 254 1847 et
284 1781 459 1867 Θεοπόμπου
489 1777 559 1870 πρὸς
589 1774 798 1868 Αλέξανδρονι
819 1777 886 1844 ⁴sed
923 1777 1003 1868 qnid
1033 1778 1158 1847 simile?

222 1894 295 1981 llli,
332 1913 375 1964 et·
397 1897 574 1986 quaeipsis
596 1895 725 1962 honesta
746 1911 867 1977 essent,
900 1896 1102 1978 scribebant,
1126 1913 1159 1962 et

223 2029 308 2099 gratu
333 2009 573 2080 Alexandro.
632 2007 760 2100 Ecquid
781 2025 816 2073 tu
840 2006 993 2094 ejusmodi
1009 2011 1159 2097 reperis?

226 2127 310 2197 Mihi
339 2125 469 2217 quidem
506 2124 586 2193 nihil
608 2127 642 2192 in
659 2140 799 2191 mentem
818 2125 929 2191 venit'’
954 2122 1002 2213 (2)
1013 2152 1025 2208 3
1050 2141 1081 2190 et
1103 2124 1161 2192 ulio

225 2245 294 2313 loeo
331 2241 402 2331 (3)=
453 2242 537 2325 „De
571 2239 709 2328 Epistola
744 2238 783 2306 ad
811 2241 1037 2324 Caesarem,
1056 2243 1161 2327 jurato

225 2361 305 2428 mihi
339 2357 458 2441 erede,
483 2381 549 2425 non
573 2378 723 2447 possnm3
756 2380 816 2424 nee
840 2380 891 2422 me
910 2355 1078 2448 turpitudo
1098 2356 1159 2424 de·

227 2493 345 2560 terret,
380 2475 437 2541 etsi
467 2474 601 2551 maxime
629 2470 779 2538 debant.
795 2509 839 2524 -
874 2470 939 2541 Sed
971 2472 1005 2537 in
1024 2489 1163 2540 montem

229 2593 309 2660 nihil
328 2594 424 2661 venit.
468 2591 574 2674 Nam,
600 2611 681 2678 quae
704 2605 781 2654 sunt
801 2586 842 2652 ad
862 2585 1080 2655 Alexandrum
1098 2589 1162 2656 ho·

230 2712 352 2775 minum
387 2707 602 2795 eloquentium
633 2721 666 2770 et
687 2703 856 2772 doctorum
878 2708 1053 2790 suasiones,
1078 2705 1162 2774 vides

233 2825 349 2912 quibus
371 2823 406 2886 in
427 2822 520 2886 rebus
544 2834 716 2887 versentur.
762 2817 1024 2903 adolesentem,
1047 2824 1162 2890 incen-

233 2963 302 3006 sum
333 2932 505 3028 eupiditate
541 2935 711 3000 verissimae
742 2932 871 3018 gloriae,
904 2937 1085 3027 cupientem
1105 2940 1164 3004 sibi

232 3051 352 3144 aliquid
378 3050 495 3120 consilii
516 3048 608 3133 dari,
643 3046 732 3140 quod
755 3046 797 3113 ad
818 3046 941 3116 laudem
962 3051 1167 3141 serpiternem

234 3173 371 3254 valeret,
405 3169 611 3238 cohortantur
636 3166 675 3232 ad
702 3164 808 3233 decus.
854 3168 928 3233 Non
948 3165 1036 3234 deest
1058 3171 1166 3238 oratio.

234 3292 302 3376 Ego
324 3285 402 3378 quid
428 3288 640 3380 possuml-
662 3281 779 3373 Quid?
814 3299 849 3349 tu
870 3307 937 3351 non
961 3283 1046 3351 vides
1063 3286 1168 3377 ipsum

235 3400 323 3473 illurn
359 3398 593 3471 Aristotelis
624 3396 839 3489 discipulum,
872 3422 995 3468 summo
1017 3402 1165 3495 ingenio,

225 3580 462 3602 μ

281 3688 321 3763 (l)
343 3685 556 3747 Aristotelis
590 3702 676 3763 opera
716 3683 829 3763 politica
853 3684 890 3744 ad
923 3684 1169 3748 Alexandrum

237 3795 314 3854 luere
349 3800 407 3876 rupi
427 3798 584 3874 βασιλείας,
605 3803 675 3852 teste
696 3791 880 3852 Ammonio
901 3792 929 3851 in
952 3793 1027 3868 vita,
1055 3804 1084 3854 et
1110 3802 1168 3877 mpt

239 3908 406 3981 συμβουλίας.
443 3901 487 3962 Cs.
524 3900 623 3980 Diog.
660 3900 776 3960 Ludit.
813 3901 848 3974 V,
875 3914 945 3961 secl.
975 3901 1027 3962 24.
1072 3904 1111 3982 (ἲ)
1134 3902 1169 3965 ad

239 4012 310 4070 Art.
340 4007 402 4084 xit,
430 4009 484 4089 Ep.
510 4011 561 4069 to.
607 4011 646 4086 (5)
669 4009 712 4067 lh.
737 4007 810 4084 xlll,
836 4007 890 4086 Ep.
918 4008 969 4068 28.
