2918 4814
670 405 730 471 lot

198 607 202 613 ’
238 591 344 678 nasci,
369 616 451 684 quae
470 585 571 658 unuin
593 588 679 657 diem
694 590 840 665 ·vivant''.
885 585 1023 653 Meiime
1045 589 1117 652 'vero
1138 588 1172 651 in

236 712 330 777 libris
344 708 385 775 de
399 711 521 775 -Nsturs
531 704 704 788 Deorum,
728 706 765 769 in.
786 705 901 792 quibus
922 720 984 773 tota
1000 701 1175 794 disquisitio

187 830 191 839 ’
236 828 309 894 libri
331 825 473 907 secundi,
497 850 513 888 a
538 825 639 911 capite
662 825 704 888 48
728 820 767 886 ad
790 823 844 901 52,
874 826 893 908 §
921 818 1178 902 130‚exlaudnto

238 941 502 1010 Aristotelis
533 961 627 1030 opere
650 953 750 1002 sumta
765 921 890 1002 videtur
903 966 913 1020 3
930 936 988 1000 ex·
999 960 1063 1025 qna
1073 938 1172 1026 'pinea

238 1063 330 1151 cipna
353 1058 417 1125 loen
435 1054 680 1147 ⁴comparationis
702 1056 797 1140 gratis
823 1050 932 1118 afferre
953 1052 1110 1136 sufficiet3
1137 1054 1172 1116 ut

237 1165 339 1267 cupite
361 1177 421 1241 492
447 1173 547 1257 „Legi
568 1172 661 1235 etiem
681 1164 855 1257 scriptum,
878 1188 941 1234 esse
959 1192 1047 1234 avem
1063 1191 1171 1260 quan-

236 1291 331 1370 dam,
355 1312 437 1379 quae
458 1286 586 1353 Platslea
613 1288 829 1353 nominaretur
849 1284 970 1373 (1)-
991 1282 1175 1371 Eademque

237 1408 315 1473 haee
336 1407 398 1470 avis
416 1404 567 1471 scribitur
589 1403 718 1467 conchis
729 1426 760 1465 se
769 1401 866 1465 solere
879 1400 1047 1490 eomplere‚
1059 1423 1171 1489 easque

238 1546 341 1613 quum
370 1519 519 1585 stomachi
541 1517 639 1583 calore
673 1517 874 1595 concoxerit,
909 1534 1050 1601 evomere
1077 1530 1172 1602 etque

239 1640 282 1701 ita
310 1636 421 1720 eligere
458 1633 577 1713 exiis,
613 1655 694 1723 quae
716 1648 790 1696 sunt
809 1629 965 1696 esculenta
985 1627 1044 1717 (2).
1067 1631 1171 1694 Ranae

239 1766 342 1816 eutem
376 1750 511 1814 marinae
539 1745 692 1813 dicuntur
720 1749 854 1813 obruere
876 1768 940 1811 sose
964 1726 1055 1809 arena
1078 1743 1174 1810 solere

240 1884 271 1932 et
302 1865 418 1932 moveri
450 1886 551 1955 prope
572 1886 707 1952 aquam,
730 1861 869 1951 adquae
892 1862 982 1951 quasi
1003 1859 1044 1924 nd
1071 1883 1173 1926 escam

240 1984 340 2072 pisces
359 2004 460 2070 quum
479 1960 680 2059 accesserint,
704 1975 855 2043 confinia
877 1977 959 2039 ranis
982 1991 1076 2064 atque
1089 1996 1171 2039 oon-

241 2097 320 2158 sumi
354 2092 414 2183 (3).
472 2093 571 2160 Milvo
603 2093 652 2179 (4)
689 2108 734 2156 est
759 2087 922 2179 quoddam
942 2087 1064 2154 bellurn
1085 2089 1174 2176 quasi

241 2211 380 2276 naturale
405 2235 479 2277 cum
504 2232 618 2291 corvo3
656 2230 730 2293 ergo
750 2206 827 2271 ulter
845 2206 968 2272 alterius
990 2206 1176 2292 ubicunqne

240 2336 350 2391 nactus
383 2341 429 2390 est
458 2348 538 2405 ova,
569 2323 695 2408 frangit.
740 2319 823 2386 lllud
846 2344 918 2388 vero
946 2319 994 2407 (ὁ)
1017 2322 1057 2384 ab
1081 2319 1173 2385 Art.
1274 2354 1276 2360 ·

281 2496 321 2571 (l)
343 2493 395 2553 cff.
418 2493 629 2569 Cresimus,
655 2493 701 2571 qui
731 2482 810 2552 affort
836 2492 942 2551 Arist.
961 2490 1022 2551 Μὶν.
1040 2455 1126 2551 Ausi.
1147 2513 1175 2551 c.

244 2600 279 2661 rs
316 2616 345 2661 et
369 2603 507 2662 recum.
530 2604 565 2662 au
593 2603 623 2660 h.
654 2602 673 2660 ι.
700 2623 731 2680 p.
759 2601 808 2669 sa,
830 2603 940 2663 arist.
971 2603 1007 2663 n.
1031 2604 1066 2661 u.
1099 2578 1173 2680 inu,

243 2710 292 2784 tn,
331 2730 361 2787 p.
394 2712 465 2786 597,
492 2732 519 2770 a.
549 2714 580 2788 9,
610 2714 657 2771 ubi
684 2714 753 2773 haec
771 2715 829 2774 aris
851 2720 959 2776 πελεκάν
980 2717 1089 2777 dieitur.
1135 2721 1174 2797 (i)

241 2816 350 2876 Arist.
387 2818 424 2876 H.
458 2818 494 2877 Α.
516 2820 566 2895 ΙΧ,
597 2821 645 2880 ll).
671 2819 715 2879 Cl.
742 2821 827 2880 Plin.
847 2822 884 2880 H.
909 2824 944 2881 N.
972 2825 1008 2899 X,
1039 2828 1088 2885 56.
1133 2830 1172 2905 (5)

240 2922 351 2983 Arist.
392 2925 412 2982 Ι.
453 2926 475 2985 Ι.
511 2945 537 2985 c.
560 2929 599 2987 57
627 2929 709 2988 init..
733 2931 772 3006 (l)
795 2930 901 2990 Graece
925 2937 1019 3000 ἰκτῖνος
1048 2950 1173 2996 vocatum

241 3031 285 3092 cf.
310 3035 417 3094 Arist.
444 3036 463 3094 l.
487 3036 507 3097 l.
532 3055 559 3094 e.
588 3039 615 3104 l,
638 3058 667 3115 p.
699 3039 777 3106 609,ι
799 3040 890 3100 att
937 3043 976 3117 (5)
998 3043 1068 3103 Cum
1082 3048 1176 3123 priora

242 3142 327 3201 etiarn
363 3160 397 3200 ex
433 3142 639 3204 Aristotele
676 3146 759 3206 ducta
778 3166 840 3207 esse
866 3164 1017 3227 appareat.
1041 3153 1174 3216 Cicero

241 3250 369 3329 prolecto
391 3251 506 3310 voculae
520 3271 585 3312 cero
596 3256 776 3330 oppositionis
790 3258 844 3317 vim
859 3259 979 3319 tribuere
995 3281 1050 3322 non
1064 3267 1171 3342 potuit;

241 3361 264 3419 si
293 3360 375 3438 igitur
399 3360 471 3418 huno
493 3360 584 3421 locum
608 3362 744 3442 integrum
761 3368 915 3444 relinquere
943 3371 1077 3451 velimus,
1111 3378 1173 3437 huic

241 3468 303 3527 voci
346 3467 495 3526 extollendi
526 3468 580 3529 vim
617 3470 768 3533 tribuamus
805 3494 918 3537 necesse
942 3492 994 3538 est.
1037 3482 1173 3553 Quocirca

240 3577 381 3654 vulgarem
404 3576 443 3636 sic
464 3579 643 3654 interpretor:
670 3580 805 3660 Pleraque
824 3585 860 3644 ab
874 3586 1074 3650 Aristotele
1088 3594 1174 3652 anirn-

242 3684 367 3756 adversan
390 3685 459 3745 illud
484 3704 563 3759 vero,
594 3688 630 3746 de
651 3690 773 3766 gruibus,
803 3694 838 3751 ab
864 3713 897 3753 eo
927 3698 1170 3779 animadversum,
1221 3692 1222 3695 ¹

243 3792 304 3866 quis
323 3811 376 3851 non
406 3794 546 3854 miratur?
572 3794 629 3854 Sed
648 3796 685 3855 de
711 3799 739 3856 h.
761 3800 782 3857 Ι.
806 3804 1131 3869 cousulelloserum
1146 3812 1174 3870 in

241 3898 336 3972 Edit.;
360 3916 422 3963 erun
450 3920 504 3979 quo
523 3915 619 3966 tamen
640 3905 751 3966 minime
773 3908 865 3969 lacere
886 3931 998 3990 possum
1013 3918 1175 3996 conjiciente

241 4011 367 4072 voculam
386 4030 442 4074 non
469 4027 533 4076 ante
553 4020 785 4083 ostimentum
806 4043 867 4085 esse
888 4027 1081 4105 inserendam
1105 4051 1177 4094 con-
