2894 4896
753 351 815 418 100

313 542 448 609 {ostonis
477 535 549 604 alios
578 532 732 624 quosdam
762 528 940 599 induxerat.
995 529 1033 595 ln
1057 527 1121 598 hoo
1146 525 1253 605 libro,

314 657 356 724 de
391 658 481 743 cujus
509 652 628 718 ratione
661 650 777 737 injuria
809 665 987 736 temporum
1026 645 1077 713 vix
1110 644 1257 731 judicare

313 773 401 848 licet,
442 768 691 850 Hortensius,
725 762 849 832 laudata
896 762 1095 853 eloquentia,
1139 761 1255 854 philo·

313 889 457 980 sophiam
488 888 707 976 impugnasse,
744 881 828 946 hanc
853 901 926 948 vero
953 878 1048 945 ceteri
1078 874 1257 943 defendisse
1362 864 1365 867 ¹

315 1003 465 1073 videntne
490 1000 549 1091 (l).
594 997 849 1088 „Philosophiae
870 992 1002 1087 quidem
1026 994 1252 1082 vituperatoni-

316 1121 421 1197 bus‚’'
458 1133 494 1183 nt
525 1118 567 1181 ait
603 1116 758 1182 Cicero
790 1115 823 1178 in
859 1110 947 1178 libris
966 1108 1006 1176 de
1029 1111 1157 1176 Finibus
1179 1109 1252 1195 (2),

317 1235 419 1316 „satis
443 1254 628 1324 responsum
650 1248 695 1297 est
716 1254 753 1296 eo
772 1228 876 1309 libro,
900 1250 967 1316 quo
990 1252 1008 1292 a
1033 1225 1122 1292 nohis
1142 1222 1251 1314 philo-

318 1347 428 1439 sophia
461 1332 588 1411 defensa
612 1359 644 1409 et
669 1339 839 1410 collaudata
864 1356 931 1422 est,
962 1362 1037 1405 cum
1058 1352 1135 1403 esset
1155 1360 1253 1403 aecn-

319 1479 382 1530 sata
403 1478 434 1527 et
457 1461 630 1551 vituperata
653 1460 693 1524 ab
726 1459 901 1524 Horten
913 1455 1009 1520 sio.''

363 1580 449 1646 Cum
487 1593 576 1642 antea
603 1572 791 1643 Academica
820 1570 945 1638 duobus
969 1569 1080 1651 libais,
1104 1569 1258 1637 Catulo

321 1711 353 1759 et
377 1689 590 1771 Lucullo,
614 1713 751 1779 quocum
774 1686 823 1755 ille
845 1686 1073 1770 Philonis,
1098 1686 1153 1753 hic
1171 1687 1257 1753 An-

323 1807 462 1876 tiochi
484 1807 672 1873 sententiam
696 1807 865 1888 tuebatur,
889 1803 1092 1885 absolvisset,
1117 1800 1256 1869 suaden-

324 1942 355 1991 te
378 1924 524 1993 httico
545 1919 618 2011 (3),
650 1923 690 1987 ah
719 1920 900 1987 hominihus
934 1919 1131 1986 nobilissimis
1164 1935 1260 1986 totam

324 2051 408 2119 hanc
446 2047 668 2116 Academicum
689 2044 824 2123 σύνταξιν
847 2049 998 2129 abstulit,
1020 2065 1052 2114 et
1074 2074 1114 2115 ex
1137 2048 1259 2118 duobus

325 2171 359 2235 in
383 2183 518 2258 quatuor
539 2165 634 2233 libros
654 2164 810 2250 contulit3
837 2189 974 2254 quoium
996 2190 1078 2257 quae
1099 2166 1259 2233 fueritra-

328 2286 373 2349 tio
394 2307 432 2349 ex
453 2285 522 2368 ejus
543 2279 583 2345 ad
607 2282 846 2347 Varronem
879 2280 1016 2370 Epistola
1038 2282 1086 2370 (4)
1109 2283 1257 2370 intelligi-

327 2415 400 2465 tnrs
446 2445 470 2479 „
483 2396 556 2462 Misi
579 2410 683 2460 antem
706 2393 746 2459 ad
768 2412 799 2462 te
823 2413 959 2484 quatuor
974 2395 1182 2465 admonitoies
1195 2422 1260 2465 non

329 2513 421 2578 nimis
444 2511 646 2578 verecundos.
692 2512 780 2576 Nosti
805 2513 891 2577 enim
915 2511 1057 2601 prolecto
1080 2538 1113 2581 os
1135 2513 1258 2581 adoles-

330 2628 476 2697 centioris
510 2624 705 2694 Academiae.
749 2629 798 2693 Ex
824 2650 858 2692 ea
877 2629 973 2714 igitur
995 2628 1093 2696 media
1114 2633 1263 2697 excitatos

332 2746 424 2825 misia
463 2745 520 2833 qui
540 2759 645 2808 metuo
668 2766 709 2807 ne
733 2760 764 2809 te
790 2742 871 2810 sorte
893 2744 1057 2831 flagitent:
1082 2771 1139 2833 ego
1160 2765 1263 2816 autem

332 2857 499 2943 mandavi,
546 2877 581 2925 ut
608 2862 790 2946 rogarent.''
805 2897 850 2910 -
894 2863 1004 2943 „Feci
1027 2863 1123 2949 igitur
1144 2887 1262 2931 sermo-

332 3000 405 3043 nem
434 2978 518 3042 inter
543 3000 599 3042 nos
619 2975 764 3041 habitum
782 2976 816 3040 in
838 2977 1002 3052 Cumano,
1027 3002 1102 3045 oum
1113 2998 1265 3047 essetnna

331 3095 605 3186 Pomponius.
638 3091 716 3156 Tibi
739 3088 814 3154 dedi
840 3108 944 3177 partes
966 3093 1265 3181 Antiochinas,

332 3233 410 3298 quas
441 3234 457 3273 a
496 3225 525 3271 te
557 3206 683 3293 probari
706 3204 891 3273 intellexisse
913 3209 990 3275 mihi
1013 3209 1162 3279 videbar:
1188 3213 1267 3281 mihi

333 3324 451 3412 sumpsi
481 3320 669 3386 Philonis.
726 3322 809 3387 Puto
841 3321 928 3405 fore,
962 3342 1017 3409 ut,
1048 3351 1120 3392 cum
1143 3327 1267 3415 legeris,

335 3440 543 3521 mire1·e‚n0s
565 3434 597 3501 id
620 3436 738 3503 locutos
761 3462 825 3504 esse
844 3441 927 3506 inter
950 3467 1025 3518 nos,
1057 3442 1145 3534 quod
1168 3470 1267 3511 num-

329 3619 552 3635 nu—-ss-

342 3712 345 3717 ’
379 3718 486 3796 ()Cl'.
525 3716 643 3778 Orell.
665 3719 736 3780 Cic.
760 3721 835 3802 Opp.
864 3725 927 3784 Vol.
953 3725 1000 3792 tv,
1032 3747 1062 3805 p.
1089 3728 1123 3803 ll,
1142 3747 1173 3803 p.
1194 3728 1269 3789 479.

337 3831 377 3906 (h)
415 3831 437 3905 l,
464 3831 490 3887 l.
519 3828 572 3889 eff.
596 3832 631 3890 de
655 3832 718 3893 Div.
743 3832 777 3908 ll,
811 3837 874 3894 let
895 3836 977 3895 Tusa.
1006 3838 1055 3912 lll,
1086 3837 1115 3894 5.
1162 3837 1202 3914 (ὅ)
1225 3837 1269 3897 (ll.

328 3939 408 4035 disp.
429 3959 458 3999 n.
486 3960 514 4020 p.
541 3942 579 4000 3⁹2
602 3961 644 4021 sq.
692 3944 731 4021 (l)
754 3944 789 4002 atl
819 3945 899 4004 Fam.
929 3946 977 4023 tx,
1001 3947 1053 4026 Ep.
1080 3948 1110 4006 8.
1217 3959 1220 3963 ’
