2930 4812
744 384 788 452 36

304 565 432 641 nomine
448 565 721 651 tamPlateuem,
745 588 842 658 qoam
869 567 1094 660 Peripateticos
1111 586 1240 655 neres,

303 701 343 745 ex
360 703 415 747 sua
437 685 593 750 sententia
613 706 649 751 re
672 698 901 772 congruentes,
916 684 1029 752 'verbis
1044 680 1237 753 dissentien-

303 809 371 874 tes,
405 797 576 885 intelligere
596 798 735 881 solebat,
767 823 819 866 eoa
844 801 1015 891 praecipue
1034 800 1239 893 philosophos

303 908 362 975 sibi
392 912 550 999 magistrer
583 937 647 981 ease
681 914 801 999 voluit,
836 916 894 1006 qni
929 913 970 981 ad
998 914 1094 1004 hujus
1128 918 1240 983 veteris

301 1025 488 1095 Academiae
515 1032 665 1099 rationem
685 1033 829 1123 proxime
846 1029 1032 1099 accederent
1044 1061 1068 1115 3·
1081 1031 1159 1100 hinc
1182 1056 1237 1100 re-

302 1139 592 1234 petendumque]
623 1145 857 1214 Philonem
895 1145 965 1237 (l),
986 1147 1063 1236 qni,
1097 1170 1136 1213 ex
1157 1171 1236 1215 nova

302 1255 474 1324 Academia
492 1259 677 1348 proiectus,
701 1285 768 1328 eam
793 1259 834 1327 ad
859 1263 970 1329 veteris
1003 1260 1234 1352 simplicitatem

301 1370 453 1441 reducere
481 1373 626 1461 studuit,
648 1378 887 1446 Panaetium
919 1375 993 1464 (2),
1026 1378 1083 1466 qui
1106 1377 1234 1446 Stoico-

300 1514 374 1557 rum
426 1491 583 1558 tristitiam
614 1508 649 1559 et
688 1495 885 1586 asperitatem
923 1492 1068 1582 fugiens,
1111 1508 1236 1585 semper

299 1611 334 1675 in
372 1633 427 1678 ore
468 1610 580 1678 habuit
633 1610 876 1694 Platonem,
923 1609 1233 1693 Aristotelem,

300 1726 597 1808 Xenocratem,
621 1725 1007 1815 Theophrastum,
1031 1728 1234 1795 Dicaeara

301 1840 448 1923 chum,
471 1857 508 1906 ut
525 1842 623 1933 ipsius
643 1842 760 1933 scripta
771 1840 953 1928 declarant,
976 1843 1109 1932 ejusque
1133 1841 1232 1909 disci·

296 1955 410 2048 pulum
447 1954 734 2024 Posidonium
769 1954 818 2045 (3)
843 1958 998 2046 imprimis
1020 1974 1145 2025 secutus
1172 1957 1231 2041 sit3

294 2071 511 2140 Antiochi
532 2072 662 2164 quidem
680 2072 829 2140 orationis
851 2072 971 2138 flumen
996 2088 1029 2139 et
1050 2073 1235 2139 suavitatem

260 2170 265 2177 x
294 2184 464 2265 admiratus
487 2188 549 2268 rit,
572 2191 640 2276 ejus
663 2212 771 2255 veroa
795 2187 1066 2255 Clitomachi
1086 2185 1231 2253 etPhi-

294 2302 414 2370 lonis
450 2302 572 2392 placitis
620 2301 660 2368 ad
706 2304 885 2371 Stoicorum
930 2320 1097 2396 praecepta
1140 2303 1231 2373 nimia

293 2416 551 2510 propendentem
584 2415 762 2497 doctrinam
786 2420 889 2485 minus
913 2420 1094 2510 probaverit
1120 2417 1179 2507 (4)
1217 2462 1220 2465 -

338 2531 394 2600 Ad
429 2531 700 2600 Aristotelis
734 2549 766 2599 et
790 2535 932 2600 universe
952 2536 1229 2625 Peripateticorum

258 2642 263 2650 ¹
294 2651 411 2741 scripta
449 2647 664 2735 cognoscenda
694 2647 829 2715 multum
865 2674 940 2716 sane
993 2652 1156 2718 Cicero
1189 2675 1228 2717 ex

294 2765 375 2831 lanta
405 2764 562 2830 Attici
586 2762 831 2831 bibliothecaet
848 2787 888 2829 er
910 2765 1006 2852 hujus
1035 2790 1109 2833 cum
1131 2788 1227 2858 prae-

294 2882 395 2973 cipuis
419 2881 491 2946 vin‘s
512 2878 764 2964 cousuetudine,
791 2879 1049 2962 Athenisinita,
1068 2882 1229 2973 profecit,

292 3020 382 3089 saepe
415 2998 507 3063 etiam
543 2997 576 3062 in
610 2994 756 3085 Epistolis
791 3018 831 3061 ex
862 2997 930 3082 ejus
953 2993 1042 3061 libris
1074 2994 1229 3086 quosdam

289 3115 439 3207 expetivit
448 3112 522 3200 isso)
548 3111 707 3201 ¹''adeoque
739 3110 970 3193 Atticcsibi
994 3112 1148 3179 Graecam
1170 3113 1224 3177 hi-

333 3345 374 3420 tt)
398 3343 422 3401 J.
459 3342 496 3402 A.
522 3339 635 3401 C.van
663 3337 880 3414 Heusde,0.
903 3337 924 3396 Ι.
950 3358 981 3416 p.
1007 3339 1139 3398 'lo-9¹.
1185 3340 1226 3418 (l)

290 3455 334 3513 td.
355 3473 386 3531 p.
422 3447 594 3511 lii-tol.
620 3444 764 3524 tercie
788 3445 824 3505 de
847 3446 908 3504 Fin.
937 3446 984 3514 tv,
1012 3446 1076 3522 28.)
1120 3449 1161 3525 (ὅ)
1183 3448 1225 3508 ld.

288 3561 514 3642 ram-tlt.
559 3558 598 3635 (l)
621 3556 717 3631 Plnt.
744 3555 891 3617 ritaCic.
923 3575 951 3616 c.
971 3556 1002 3615 t.
1028 3554 1164 3616 Clcic.
1192 3558 1227 3615 de

158 3674 161 3681 ’
290 3675 376 3753 Legg.
401 3672 423 3741 l,
452 3670 505 3744 et,
530 3667 619 3727 Acad.
646 3666 681 3742 lt,
711 3667 743 3726 l.
787 3666 827 3745 (5)
850 3666 885 3726 ad
909 3666 976 3726 Att.
1003 3666 1075 3733 Xlll,
1101 3665 1224 3753 lippi:

291 3776 546 3867 „Dicaearchi
572 3784 632 3857 περὶ
664 3783 751 3859 ψυχῆς
792 3787 923 3854 utraeque
961 3775 1044 3836 velim
1078 3773 1171 3835 mittas
1199 3784 1227 3830 et

287 3890 469 3968 καταβάσιως.
497 3888 677 3965 Τριπολιτικὸν
708 3904 763 3945 non
793 3885 927 3967 invenio,
949 3897 978 3953 et
991 3880 1226 3965 Epistolamejm,

289 4002 371 4080 quam
396 3995 433 4057 atl
456 3994 713 4056 Aristoxenum
742 3995 824 4057 misit.
850 3994 988 4077 Treaeoa
1007 3991 1227 4059 remanentne
