2918 4814
655 374 720 474 aot

215 597 359 691 *corporis
389 618 450 660 nec
469 586 616 661 membris
636 592 682 656 uti
702 612 760 658 neo
781 581 921 658 sensibus
948 606 1071 680 potest,
1095 594 1151 659 ina·

221 712 299 782 cidit
326 715 369 778 in
392 711 452 779 visa
482 710 567 775 vitria¹
594 724 626 773 et
648 709 792 789 incerta,
815 732 854 773 ex
875 700 1034 797 reliquiis,
1059 700 1099 774 ut'
1112 712 1154 774 ait

220 824 486 902 Aristoteles,
521 820 757 888 inhaerentibus
775 844 883 887 earum
903 842 1035 905 rerum,
1068 808 1155 915 'quas

222 942 350 1028 vigilans
372 939 497 1026 gesserit
519 952 573 1001 ant
594 936 782 1022 cogitaverit.
812 938 959 1026 Quarum
982 942 1155 1027 perturba-

222 1059 307 1124 tione
341 1051 494 1121 mirabiles
518 1049 681 1118 interdum
706 1053 860 1118 exsistunt
880 1055 998 1144 species
1015 1056 1156 1121 somnio·
1225 1110 1227 1113 .

222 1173 329 1238 rum”.
392 1170 439 1235 Ea
472 1166 736 1248 Aristoteles,⁴
759 1183 823 1232 tam
853 1170 887 1233 iu
910 1155 1158 1236 Problematibns

223 1294 299 1375 suis,
333 1313 429 1379 quam
454 1289 487 1352 in
513 1285 636 1352 laudato
656 1288 833 1373 fragmento
856 1303 887 1352 et
914 1291 947 1353 in
963 1288 1068 1357 libello
1092 1294 1156 1383 περὶ

223 1415 375 1495 ἐνυπνίων,
397 1409 536 1477 tradidit.
1086 1398 1090 1403 ’

268 1528 378 1613 Magni
398 1502 639 1592 Ciceronem
658 1522 764 1590 fecisse
778 1516 1156 1598 Aristotelisdesom-

224 1643 283 1708 niis
320 1641 504 1707 sententiam
524 1638 586 1704 hoc
601 1638 729 1723 'egregio
748 1637 836 1719 loco,
861 1664 928 1730 quo
945 1642 1158 1729 fragmentum

224 1781 262 1823 ex
296 1734 472 1821 Eudemo
505 1750 597 1817 latine
630 1734 813 1843 expressisse
843 1751 968 1820 videtur
995 1756 1065 1847 (l),
1088 1764 1158 1828 satis

225 1887 378 1961 apparet:
425 1865 569 1956 „Quidf
603 1866 826 1953 singulari-vir
846 1870 971 1954 ingenio
996 1876 1156 1944 Aristo-

225 1988 336 2068 teles,
370 2001 401 2049 et
430 2005 530 2074 paene
565 1980 693 2062 divino,
730 1984 838 2070 ipsene
868 2000 972 2067 errat,
1010 2013 1050 2052 au
1085 1990 1158 2058 alios

224 2104 293 2170 vult
314 2103 445 2168 errare?
471 2108 573 2186 quum
593 2097 727 2177 scribit,
750 2094 971 2163 Eudemum
990 2094 1156 2189 Cyprium,

225 2197 406 2288 familiarem
442 2236 557 2294 suum,
591 2214 650 2278 iter
682 2215 716 2277 in
740 2212 961 2280 Macedoniam
992 2218 1159 2289 facientem

225 2334 341 2402 Pheras
361 2332 501 2413 venisses3
516 2365 562 2379 -
590 2330 623 2392 in
647 2350 684 2393 eo
702 2328 797 2413 igitur
817 2327 940 2419 oppido
959 2331 1001 2396 ita
1025 2337 1158 2423 graviter

225 2473 351 2536 aegrum
373 2443 595 2514 Eudemum
617 2441 730 2521 fuisse,
755 2457 790 2507 ut
809 2466 915 2508 omnes
940 2442 1055 2515 medici
1065 2444 1154 2515 diffi-

225 2562 359 2627 derentt
392 2561 421 2624 ei
454 2560 553 2624 vnum
570 2546 617 2620 ¹in
648 2557 754 2644 qrriete
775 2554 891 2642 egregia
913 2558 992 2625 faeie
1007 2563 1159 2643 juvenem

226 2681 350 2757 dicere,
373 2673 461 2752 fore,
484 2687 520 2736 ut
541 2673 686 2757 perbrevi
715 2671 964 2757 convalesceret3
989 2671 1162 2769 paucisque

228 2791 338 2856 diebus
360 2788 564 2851 interiturum
588 2784 859 2849 Alexandrum
878 2803 1072 2874 tyrannum,
1101 2794 1158 2884 ip·
1256 2792 1259 2797 ’

228 2930 298 2971 sum
316 2918 420 2968 autem
448 2896 669 2965 Eudemum
690 2898 918 2985 quinquennio
935 2919 1007 2989 post
1027 2902 1171 2977 domum·

230 3043 458 3067 ...u-a

229 3136 298 3197 τοῦτ’
319 3139 374 3204 tata
394 3138 530 3200 ἐνύπνιον,
551 3122 647 3185 Probl.
677 3139 711 3197 A,
742 3123 763 3205 §
790 3126 838 3183 ld.
877 3124 952 3185 Coll.
993 3102 1159 3210 StelirlQ

230 3245 264 3309 tl,
293 3231 323 3319 p
356 3238 425 3299 toa.
458 3235 529 3307 Quia
550 3235 722 3313 problemata
743 3236 826 3294 totius
849 3234 1088 3300 Aristoteliae
1113 3244 1163 3302 do·

230 3351 334 3410 ctriuae
361 3348 438 3425 quasi
462 3346 576 3404 brevem
597 3355 773 3421 conspectum
801 3345 951 3420 praebent,
980 3348 1060 3408 valde
1074 3369 1164 3429 quae—

231 3463 321 3526 ritur,
357 3471 447 3517 utrum
483 3454 699 3513 Aristotelis
732 3473 765 3512 an
799 3454 987 3530 epitomatoris
1024 3461 1165 3538 cujusdam

231 3572 284 3630 sint
319 3567 456 3635 dicenda;
491 3575 614 3622 ceterum
636 3557 794 3629 St‘ahri0‚
818 3564 947 3625 statuenti
973 3566 1042 3627 haec
1070 3589 1086 3627 a
1106 3570 1165 3629 Cr

232 3694 367 3738 cerane
396 3675 467 3734 lecta
498 3673 604 3737 fuisse,
633 3690 688 3731 nou
713 3688 847 3749 repugno.
901 3674 939 3750 (l)
962 3674 998 3733 Α.
1028 3659 1069 3735 Ὁ.
1100 3697 1163 3737 van

232 3762 394 3857 lleusde,
433 3782 468 3842 0.
510 3782 531 3839 Ι.
567 3801 597 3858 p.
638 3780 688 3845 59,
732 3794 796 3839 nota
842 3783 868 3855 l,
904 3782 975 3841 hunc
1002 3784 1093 3843 locum
1129 3786 1164 3845 e'x

232 3890 480 3950 Aristotelis
524 3909 610 3966 opere
638 3894 693 3968 περὶ
714 3901 760 3956 τῆς
779 3890 834 3949 καθ’
854 3896 932 3951 imos
958 3905 1104 3969 μαντικῆς,
1134 3912 1161 3954 c.

233 4007 264 4081 2,
294 4002 427 4064 excidisse
455 4001 591 4078 opinatur.
