2930 4812
763 388 807 457 11

310 596 394 663 tem,
417 598 499 667 quae
522 575 657 644 fortatsia
679 566 941 666 Tyrannion
961 571 1002 640 da
1031 574 1131 663 ipaina
1150 578 1270 648 Ari-.

308 692 469 761 stotelia
490 691 710 780 manuscriptis
729 691 764 756 in
786 688 847 758 bae
870 684 1064 759 bibliotheea
1076 693 1247 767 moenditis

309 835 382 878 veae
411 812 440 878 ei
475 806 672 894 tradidisset,
695 806 736 875 ad
762 823 859 876 totam
882 810 950 897 ejus
979 807 1154 896 libret-nm,
1183 829 1249 882 tam

307 927 483 1009 rationem,
502 949 600 1017 quam
619 924 849 1012 cognitionem,
877 922 1026 993 tettdisae.
1082 925 1246 995 Credibile

309 1041 395 1108 enim
417 1042 471 1110 vir
500 1040 602 1126 soret,
624 1041 895 1117 Ciceronem,
922 1041 980 1132 qui
998 1064 1046 1108 ras
1070 1040 1152 1111 adeo
1176 1044 1242 1111 mi-

314 1156 393 1223 nimi
417 1158 569 1227 momenti
588 1157 708 1244 attigit,
734 1172 820 1224 tauta
842 1157 891 1223 sei
911 1155 1070 1227 familiaria
1097 1156 1140 1225 de
1156 1158 1246 1226 hri-

311 1269 472 1338 atotelir
494 1271 619 1364 scriptis
631 1273 755 1359 met-ita,
770 1272 1009 1364 opportunitate
1029 1274 1118 1341 toties
1130 1273 1246 1357 oblata,

310 1386 623 1478 praetermitterem,
665 1403 699 1456 et
739 1383 964 1479 philosopher,
997 1385 1087 1476 quod
1131 1389 1247 1456 summi

313 1501 411 1590 hejur
453 1502 512 1570 viri
559 1503 676 1595 scripta
715 1504 913 1590 ignorarent,
970 1518 1035 1571 tam
1072 1501 1246 1572 vehemen-

311 1636 361 1687 ter
387 1617 655 1711 reprehensurum
677 1618 771 1686 fuisse
796 1616 871 1709 (l);
897 1634 1054 1712 praeterea
1076 1643 1136 1688 nea
1163 1621 1264 1690 An*

312 1734 499 1803 droniao
529 1733 579 1825 (2)
613 1758 735 1801 summa
765 1735 872 1804 entier
905 1758 986 1826 opus
1007 1734 1185 1822 suisset,·si
1211 1760 1251 1805 ex

313 1852 392 1937 ueris
425 1853 494 1938 ejus
518 1850 740 1939 manuscriptis
761 1848 887 1917 haurire
908 1851 1071 1941 potuisset.

357 1966 583 2035 Strabonis
600 1967 771 2033 narrationi
790 1962 923 2032 maxime
940 1964 1148 2037 advertantur
1172 1969 1247 2038 At-

316 2083 496 2151 talorum
523 2096 555 2146 et
579 2077 921 2147 Ptolemaeorum
954 2078 1057 2149 stedia
1080 2081 1265 2151 Ariston

315 2198 415 2267 telis
440 2196 538 2264 libros
559 2193 770 2285 eoaquirendi
793 2192 859 2283 (3),
882 2191 1250 2289 eademqueoppositam

314 2312 522 2396 sententiam,
566 2313 635 2396 jam
663 2310 815 2405 eontintm
855 2308 949 2402 plura
990 2312 1251 2394 Aristotelis

315 2428 505 2517 scriptorum
535 2421 723 2513 exemplaria
754 2421 910 2510 adfuisse,
927 2427 1164 2513 'coufirmaet,
1195 2446 1251 2512 et,

317 2565 398 2635 quae
418 2542 454 2608 in
475 2538 693 2610 Athenaei
713 2536 761 2630 (1)
782 2538 853 2611 loeo
865 2558 1061 2612 eonuoveraa
1084 2543 1252 2629 videntur,

359 2800 400 2873 (1)
421 2796 493 2877 Tap.
530 2814 557 2857 a.
594 2798 622 2864 1,
646 2797 726 2876 „qui
760 2798 796 2858 ab
823 2797 892 2876 ipsis
923 2798 1120 2877 pbilosophis,
1144 2812 1256 2880 praeter

317 2905 465 2968 admodum
505 2923 630 2987 paucos,
670 2906 876 2986 ignoraretur.”
919 2906 1039 2985 (1)(111.
1068 2908 1260 2969 Boethius

316 3018 353 3078 ad
378 3016 493 3078 brist.
524 3016 574 3079 lib.
612 3017 647 3078 de
675 3018 792 3096 interpr.
833 3015 888 3076 Ed.
914 3016 946 3092 1,
979 3023 1106 3095 probem.
1135 3037 1167 3097 p.
1193 3017 1257 3079 292

316 3138 344 3187 et
372 3126 408 3187 de
435 3125 528 3195 Diris,
547 3125 608 3186 init.
633 3145 665 3203 p.
687 3124 760 3197 658,
803 3124 934 3200 Stahr‚
963 3126 999 3202 ll,
1028 3145 1059 3205 p.
1085 3126 1155 3195 rte,
1185 3128 1254 3195 155,

316 3216 500 3309 llaebn'er,
543 3231 581 3294 0.
615 3233 637 3291 l.
658 3251 690 3311 p.
719 3233 769 3309 15,
797 3234 848 3300 11,
883 3233 1072 3312 Brtieker,
1098 3235 1136 3296 0.
1165 3237 1188 3297 Ι.
1215 3237 1251 3313 11,

316 3359 348 3420 p.
375 3341 425 3414 19,
454 3338 639 3416 Brendis,
661 3337 698 3399 0.
727 3340 749 3399 l.
776 3341 799 3418 l,
827 3342 875 3419 111,
904 3362 934 3421 p.
961 3344 1022 3405 eti
1051 3357 1081 3405 et
1107 3345 1251 3426 Ritter,

316 3448 363 3517 111,
384 3467 415 3526 p.
440 3446 491 3506 55.
536 3447 577 3525 (5)
598 3447 723 3517 Stahr,
747 3451 783 3529 ll,
809 3470 841 3530 p.
868 3453 920 3513 71.
945 3454 1005 3533 ,(1)
1035 3452 1072 3514 G.
1099 3455 1128 3516 l.
1163 3458 1257 3520 Vos-

316 3557 414 3625 sius,
439 3556 475 3618 de
507 3556 597 3619 Settia
619 3558 693 3618 Phil.
713 3577 742 3618 o.
766 3561 814 3637 15,
845 3580 876 3639 p.
892 3560 944 3638 89,
970 3563 1042 3623 bana
1067 3563 1254 3633 Athenaei

316 3667 409 3728 laeum
433 3663 471 3724 ita
490 3662 617 3742 intelligit
643 3675 674 3724 ut
699 3664 736 3724 ab
762 3665 805 3724 his
834 3665 1014 3729 bibliothecis
1041 3686 1157 3748 operam
1179 3672 1266 3733 tiri.

320 3773 479 3838 atotelis
507 3784 536 3833 et
572 3772 830 3854 Theophrasti
865 3796 961 3841 eorum
998 3782 1184 3861 manuscripta
1207 3802 1257 3844 er-

320 3886 423 3947 cludat.
462 3883 515 3944 Cli.
538 3884 675 3953 Buhle,
692 3883 766 3966 Opp.
787 3888 808 3955 1,
833 3888 921 3968 prael.
946 3908 978 3968 p.
1001 3890 1065 3952 xix
1088 3890 1200 3954 innota
1228 3904 1259 3954 et

321 3994 436 4071 Titne,
467 3992 505 4053 0.
532 3994 553 4053 l.
578 4012 608 4072 p.
634 3995 666 4055 9.
734 3995 736 4003 ’
