2930 4812
790 403 834 470 tu

391 576 702 681 Aristotcles,
727 582 841 675 puerili
875 582 1072 654 institutione
1106 580 1281 655 medicinae

344 702 519 790 praeceptis
543 728 560 767 a
582 708 673 790 patre
692 700 856 782 imbutas,
881 725 899 764 a
922 716 1052 767 naturae
1076 701 1277 793 contempla-

345 814 430 882 tione
452 838 555 905 quum
572 817 713 900 exiisset,
745 839 806 908 ope
830 816 985 908 imprimis
1008 813 1204 900 dialecticae,
1237 812 1279 882 ad

342 929 490 997 moralem
502 928 701 1013 doctrinam,
721 927 764 994 sd
784 929 921 996 hominis
939 929 1036 1022 ipsius
1054 929 1277 1017 cognitionem,
1374 948 1392 977 0

341 1042 380 1110 ad
407 1044 467 1110 Dei
486 1045 629 1113 notitiam
655 1046 819 1137 pervenit,
851 1061 900 1121 et,
935 1061 972 1111 ut
1002 1047 1189 1114 instaurator
1211 1043 1275 1114 do·

340 1160 539 1242 cttinarum,
562 1185 660 1249 quas,
681 1185 744 1253 pro
764 1159 935 1248 singulari,
959 1182 1026 1250 quo
1050 1160 1191 1245 valebat,
1212 1165 1274 1250 ju·

339 1270 415 1341 dicii
434 1290 467 1340 et
489 1277 616 1344 rationis
637 1278 801 1360 acumine,
826 1279 998 1364 ingencia
1020 1292 1052 1343 et
1077 1277 1196 1365 species
1219 1274 1275 1342 di-

337 1390 634 1473 stribuit,·nullum
655 1390 872 1460 doctrinarum
894 1417 992 1479 genus
1013 1393 1172 1461 intactum
1195 1392 1274 1461 reli·

338 1507 422 1595 quit,
433 1522 562 1590 ct,tam
573 1524 732 1586 veterum,
755 1533 852 1599 quam
863 1507 1049 1600 aequalium,
1062 1507 1176 1598 placita
1195 1507 1272 1575 dili-

333 1623 421 1707 genti
437 1623 573 1689 examini
594 1625 738 1709 submisit
758 1640 791 1690 st
812 1647 1002 1717 componere
1026 1622 1161 1707 studuit,
1182 1623 1273 1714 quod
1294 1678 1300 1691 .

338 1746 404 1801 nou
424 1738 528 1802 minus
553 1761 571 1804 e
592 1739 757 1806 rhetoricis
781 1756 813 1806 et
836 1740 993 1835 politicis,
1022 1761 1119 1830 quam
1140 1763 1159 1804 e
1181 1739 1269 1832 phy-

339 1853 408 1917 sicis
428 1869 460 1917 et
478 1854 698 1946 metaphysicis
720 1859 788 1943 ejus
808 1857 934 1947 scriptis
956 1856 1116 1947 apparet'
1141 1834 1270 1945 Quanta

337 1970 432 2035 luerit
451 1970 533 2037 illius
554 1975 669 2060 ingenii
691 1978 780 2068 copia
802 1992 834 2041 et
858 1973 1036 2061 amplitudo
1058 1975 1269 2067 egregieclu-

337 2102 388 2152 cet
408 2112 446 2154 ex
470 2087 530 2156 hae
552 2092 619 2178 ejus
637 2090 723 2184 apud
745 2091 1010 2160 Ciceronem
1026 2088 1075 2181 (l)
1097 2093 1265 2160 sententiaa

337 2206 681 2292 „Aristoteles,
713 2227 829 2277 veteres
863 2208 1066 2302 philosophos
1100 2233 1268 2292 accusans,

336 2322 395 2408 qui
413 2323 687 2407 eiistimasisseut,
721 2325 953 2417 philosophiam
977 2326 1038 2391 suis
1056 2326 1187 2413 ingeniis
1203 2348 1267 2393 esse

339 2432 512 2525 perlectam
524 2454 538 2522 ,¹
561 2439 624 2521 ait,
655 2462 706 2505 eos
728 2438 782 2503 aut
798 2438 991 2505 stultissimos
1012 2456 1066 2505 aut
1083 2439 1267 2531 gloriosissi-

336 2549 535 2635 mos'fuisss3
559 2544 614 2618 sed
636 2544 669 2618 se
685 2551 811 2635 videre,
834 2550 922 2642 quod
941 2554 1269 2643 paucisannismagna

338 2668 471 2735 accessio
494 2665 573 2736 lacta
600 2684 699 2752 essct,
738 2670 826 2735 brevi
861 2686 1006 2758 tempore
1038 2667 1268 2759 philosophiam

336 2782 610 2870 plane'absolutam
629 2784 705 2851 lore.
720 2788 742 2821 ‘⁴
756 2822 799 2834 -
813 2784 848 2850 Si
870 2781 950 2851 [ides
974 2782 1121 2850 habenda
1137 2800 1183 2850 est
1203 2786 1268 2850 eius

340 2896 493 2966 librorum
543 2898 719 2984 indicibus,
766 2921 898 2966 numero
938 2900 1003 2965 sere
1045 2883 1270 2987 quadringenti

337 3014 431 3082 fuisse
473 3015 645 3083 videnturs
692 3019 904 3101 „Persecutus
942 3030 987 3080 est
1036 3014 1265 3078 Aristote-

336 3129 455 3214 les,”
491 3149 527 3197 ut
559 3133 601 3197 ait
629 3132 794 3198 Cicero
816 3132 883 3220 (2),
918 3127 1160 3210 „animantium
1193 3150 1265 3194 om-

339 3248 430 3311 nium
459 3263 566 3329 ortus,
598 3247 723 3331 victus,
766 3246 891 3333 figuras.
936 3239 1114 3308 Disserendi
1146 3243 1186 3308 ah
1209 3265 1267 3308 eo·

333 3364 405 3429 dem
428 3387 493 3429 non
513 3361 672 3430 dialectice
694 3355 893 3448 solum,'sed
913 3360 1006 3427 etiam
1019 3361 1150 3428 oratorie
1169 3383 1266 3450 prac-

338 3494 429 3570 cepta
453 3496 527 3547 sunt
540 3460 651 3547 tradita
665 3510 673 3547 z
699 3482 738 3545 ab
762 3479 789 3546 A
801 3480 837 3544 ri
851 3503 864 3545 s
876 3494 918 3546 to
929 3478 973 3567 tel
984 3503 1035 3568 eq
1048 3502 1099 3551 ue
1121 3477 1268 3569 principe

336 3690 527 3702 ,ιι-*-

377 3851 416 3925 (l)
453 3849 536 3909 Tusa.
575 3852 633 3927 Ill,
667 3850 718 3909 ta.
774 3851 819 3911 Cf.
857 3851 1010 3910 Heusd.
1047 3847 1131 3909 Char.
1173 3845 1266 3904 Prius.

330 3956 403 4017 Phil.
426 3976 456 4033 p.
488 3959 556 4017 158.
600 3959 641 4034 (i)
674 3958 709 4016 de
733 3958 795 4035 Fin.
826 3957 867 4031 V,
891 3956 922 4013 4.
