2918 4814
728 397 789 464 196

300 576 455 668 .qrriaque
480 577 616 666 planiora
637 602 702 645 ease
724 579 859 645 libenter
870 578 949 643 mibi
958 578 1130 663 concedet,
1153 608 1256 671 quum

302 713 357 755 -ne
372 690 598 779 Madvigius
609 693 658 781 (l)
679 693 813 784 quidem
838 693 1012 785 pleniorem
1027 695 1252 765 horumlibro-

301 826 386 879 ‚rum
409 810 551 874 notitiam
570 811 761 876 Ciceroni
785 806 1034 895 abjudicaverit3
1058 815 1251 894 eromuino,

302 924 339 985 ai
365 925 551 1006 venialem,
575 950 656 1016 quae
677 926 770 990 exiis
792 926 935 990 Cicero
957 929 1122 1016 excerpsit,
1142 932 1247 1017 inspi-

300 1039 413 1105 -einrus
425 1089 434 1121 ,
448 1064 521 1104 eum
535 1039 788 1106 Aristotelis
811 1039 976 1132 multiplici
986 1043 1133 1124 scientia,
1155 1067 1248 1128 egre-

301 1156 368 1238 ,giis
398 1153 738 1239 animadversionibus,
775 1179 857 1244 quae
889 1155 945 1222 bos
978 1155 1073 1223 libros
1107 1177 1246 1233 ornant,

311 1285 440 1357 captum
460 1269 574 1353 fuisse,
597 1270 747 1336 fateamur
772 1295 894 1337 necesse
914 1288 972 1337 est.
995 1273 1040 1337 lta
1062 1271 1193 1338 inlibris
1204 1271 1247 1338 de

309 1386 441 1451 Finibus
457 1383 517 1471 (2)=
542 1387 674 1474 „Quam
686 1386 820 1467 multa”,
830 1388 948 1474 inquit,
961 1388 1025 1469 „ab
1038 1386 1089 1452 his
1099 1386 1244 1477 (Peripa-

299 1501 425 1587 teticis)
449 1501 622 1590 conquisita
644 1518 677 1566 et
697 1499 824 1568 collecta
847 1517 923 1567 suut
943 1500 984 1567 de
1004 1507 1149 1569 omnium
1171 1508 1244 1569 ani-

302 1617 464 1681 ·mantium
486 1640 617 1701 genere,
647 1633 728 1692 ortu,
752 1618 913 1699 membris,
934 1619 1119 1684 aenaibn’u
1144 1619 1245 1685 etalio

299 1731 376 1797 -loeo
409 1729 478 1818 (3)=
513 1733 582 1810 „At
613 1731 687 1813 illa,
714 1755 795 1822 quse
818 1734 853 1796 in
875 1731 996 1799 concha
1019 1732 1123 1822 patula
1144 1736 1243 1824 pinna

307 1850 448 1934 dicitur,
477 1853 587 1940 isque,
612 1853 668 1940 qui
695 1869 766 1916 enat
778 1873 795 1915 e
808 1851 947 1926 concha,
975 1853 1052 1939 qui,
1076 1852 1164 1941 quod
1176 1877 1242 1919 eam

296 1964 462 2048 «custodit,
494 1973 675 2054 pinnoteres
706 1981 854 2047 vocatur,
877 1967 911 2030 in
934 1990 1068 2057 eamque
1091 1992 1191 2058 quum
1211 1992 1242 2032 se

298 2085 445 2175 recepit,
478 2078 674 2162 includitur,
707 2096 743 2145 ut
763 2076 904 2145 videatur
930 2081 1107 2163 monuisse,
1127 2098 1163 2146 ut
1185 2108 1240 2148 ca-

306 2203 440 2279 veret'’;
466 2201 499 2264 in
523 2197 710 2265 Tusculanis
729 2198 972 2287 Quaestionibus
998 2197 1070 2287 (4)=
1117 2200 1240 2291 „Apud

295 2318 468 2406 llypanian
497 2315 654 2395 fluvium,
692 2315 748 2402 qui
772 2315 811 2378 nb
834 2315 979 2405 Europae
1004 2316 1139 2403 partein
1151 2318 1239 2382 Pon-

298 2448 374 2494 .tum
399 2430 524 2511 influit,
549 2429 826 2495 Aristoteles
850 2432 905 2514 ait,
928 2430 1067 2496 bestiolas
1090 2429 1239 2519 quasdam

308 2580 533 2599 κ-φ--ι-ι-αο

345 2691 385 2764 (1)
408 2688 475 2744 Ere.
507 2687 567 2762 Vll,
593 2706 623 2762 p.
650 2684 722 2761 860,
749 2687 784 2745 de
809 2688 870 2745 Fin.
901 2687 948 2752 lV,
975 2689 1005 2761 5,
1028 2706 1057 2763 p.
1080 2685 1151 2745 502.
1197 2689 1237 2765 (2)

300 2798 349 2873 W,
374 2798 404 2855 5.
431 2796 484 2854 eff.
506 2796 541 2869 V,
564 2797 595 2871 1,
623 2796 695 2874 disp.
724 2815 753 2853 n.
778 2816 810 2873 p.
834 2792 888 2856 10.
932 2797 971 2871 (5)
988 2792 1044 2869 111,
1070 2797 1118 2855 111.
1131 2795 1188 2857 clf.
1202 2797 1238 2855 de

300 2908 340 2965 N:
378 2907 413 2965 l).
439 2906 474 2982 ll,
505 2907 560 2964 48:
597 2905 690 2980 „Pina
713 2923 780 2963 reru
802 2904 852 2981 (sic
868 2904 948 2963 'enirn
976 2902 1082 2963 Graece
1107 2903 1235 2980 dicitur),

299 3019 407 3077 duabus
432 3018 579 3094 grandibus
602 3016 694 3092 patula
717 3014 829 3073 conchis
850 3032 913 3075 cum
937 3032 1023 3090 parva
1047 3013 1145 3090 squilla
1160 3017 1238 3091 quasi

293 3130 460 3188 societatem
496 3128 552 3185 coit
593 3124 769 3202 comparandi
799 3123 874 3195 eibi;
908 3123 1000 3200 itaque
1025 3140 1086 3181 eum
1115 3123 1238 3201 pisciculi

298 3239 375 3316 parvi
411 3238 442 3297 in
477 3236 609 3294 concham
635 3235 756 3292 hiantem
774 3233 987 3297 innatarerunt,
1016 3243 1072 3290 tum
1100 3231 1237 3290 admonita

293 3346 410 3422 squillae
439 3344 504 3422 pina
529 3362 622 3404 morsu
657 3343 813 3421 comprimit
834 3340 999 3418 conchas”,
1022 3341 1139 3400 Arist.
1162 3342 1233 3402 llist.

295 3455 387 3514 bnim.
421 3452 455 3519 V,
495 3455 544 3529 15,
575 3474 605 3531 p.
643 3455 713 3518 517,
742 3454 771 3512 1).
802 3453 854 3528 rt,
882 3451 1035 3526 Plinius,
1058 3451 1095 3509 ll.
1117 3450 1153 3510 N.
1183 3448 1232 3525 IX,

293 3569 346 3643 66,
369 3566 462 3625 Plut.
486 3568 522 3625 de
546 3567 617 3626 solt.
641 3566 734 3625 Anim.
763 3585 790 3624 c.
817 3566 868 3641 30,
896 3586 926 3643 p.
949 3564 1022 3624 980.
1068 3565 1108 3640 ll)
1130 3564 1153 3629 l,
1182 3564 1232 3630 39,

293 3668 406 3738 Arist.
449 3676 483 3734 ll.
508 3677 543 3735 Α.
572 3677 607 3750 V,
641 3676 689 3751 19,
716 3694 745 3751 p.
778 3674 850 3750 552,
878 3676 907 3733 b.
938 3674 988 3733 18.
1025 3672 1232 3750 Wytteaba-

290 3790 412 3863 chius,
445 3790 471 3847 in
507 3788 580 3847 Anu.
620 3766 657 3848 ad
690 3788 780 3847 Plut.
813 3782 853 3866 p.
894 3790 950 3846 111
980 3785 1014 3862 C,
1060 3784 1131 3843 bane
1155 3782 1232 3841 bri-

290 3900 433 3956 atotelis
453 3897 637 3958 narrationem
659 3919 675 3957 a
697 3898 880 3959 Cicerone
909 3915 944 3956 ex
968 3893 1160 3956 Crantoris
1193 3892 1232 3950 li-

289 4008 341 4067 bro
366 4007 477 4066 ductam
497 4025 559 4066 esse
588 4020 705 4072 censet.
