2894 4896
642 336 685 412 '97

194 553 257 621 que
291 531 418 597 mutavi.
465 531 546 596 Nam
573 533 642 617 jam
676 527 802 595 duobus
835 527 925 593 factis
953 525 1063 604 libris,
1097 515 1132 583 in

191 647 337 738 quibus,
381 643 618 712 novendialibus
666 645 699 710 iis
729 644 835 726 feriis,
868 665 949 732 quae
1002 638 1134 704 fuerunt

191 759 397 826 Tuditano
429 777 461 825 et
499 760 667 848 Aquilio
690 759 894 840 consulibus,
929 770 1134 822 sermoesta

190 898 242 941 me
266 877 427 941 institutus
451 876 667 965 Africani,
692 874 798 965 paullo
826 889 898 939 ante
921 888 1079 951 mortem,
1101 883 1134 933 et

191 991 344 1072 Laelii,
370 989 502 1071 Phili,
538 990 717 1071 Manilii,
753 989 800 1079 Q.
833 987 1065 1054 Tuberonis
1100 1001 1133 1050 et

191 1104 322 1171 Laelii
344 1129 548 1191 generorum,
571 1108 719 1172 Fannii
740 1121 773 1170 et
796 1103 1032 1172 Scaevolae:
1062 1124 1133 1166 ser·

192 1240 243 1283 mo
263 1233 368 1284 nutem
388 1219 423 1284 in
442 1244 553 1286 novem
581 1236 612 1284 et
637 1218 702 1285 dies
726 1235 759 1285 et
780 1219 875 1286 libros
896 1216 1082 1284 distributus
1092 1212 1134 1281 de

188 1334 309 1420 optimo
330 1350 412 1400 statu
433 1337 563 1404 civitatis
588 1353 620 1401 et
642 1334 682 1401 de
701 1337 825 1424 optimo
847 1338 932 1402 nivet
956 1350 1131 1400 sanetexe-

188 1452 281 1516 batur
309 1474 389 1538 opus
422 1450 624 1531 luculenter,
660 1452 898 1542 hominumque
916 1448 1050 1536 dignitas
1069 1447 1129 1514 ali-

188 1583 344 1658 quantum
377 1569 511 1633 orationi
537 1565 688 1658 ponderis
726 1567 882 1633 efferebat.
901 1603 946 1619 -
978 1567 1019 1631 lli
1051 1564 1128 1629 libri

190 1707 264 1749 oum
283 1685 317 1747 in
339 1681 522 1748 Tusculano
539 1681 618 1747 mibi
639 1680 839 1769 legerentur,
874 1678 1020 1747 audiente
1040 1678 1130 1746 Sal·

189 1801 330 1882 lustio,
354 1798 532 1867 admonitus
550 1824 620 1865 sum
642 1801 682 1865 nb
707 1798 781 1879 illo,
804 1798 904 1866 multo
929 1800 1047 1885 majore
1066 1821 1129 1862 au·
1151 1888 1155 1895 ,
1208 1888 1211 1892 .

190 1917 330 1983 ctoritate
359 1915 416 1980 illis
437 1914 478 1981 de
498 1917 592 1981 rebus
616 1913 680 1982 dici
705 1939 814 2005 posse,
837 1918 863 1981 si
883 1919 953 2004 nire
974 1915 1129 2001 loquerer

189 2028 230 2093 de
258 2052 292 2093 re
315 2029 465 2118 publiea3
492 2031 675 2122 praesertim
697 2054 770 2097 eum
789 2052 886 2095 essem
911 2051 976 2094 non
1005 2027 1129 2093 Hera-

191 2141 323 2233 elides
354 2146 563 2226 Ponticus,
595 2142 648 2210 sed
679 2144 847 2211 consularis
875 2160 907 2209 et
942 2145 986 2226 is,
1010 2142 1067 2233 qui
1093 2144 1129 2208 in

189 2261 329 2327 maximis
351 2277 487 2326 versatus
505 2262 539 2325 in
557 2285 589 2327 re
603 2260 729 2353 publiea
742 2263 838 2327 rebus
851 2284 958 2327 essem:
975 2274 1131 2348 questam

188 2375 327 2466 antiquis
364 2373 548 2441 hominibus
567 2378 791 2459 attribuerem,
815 2400 848 2441 ea
869 2376 969 2443 visum
992 2374 1032 2440 iri
1053 2373 1131 2440 licta

187 2486 270 2558 esse:
306 2492 477 2557 oratorium
506 2515 681 2559 sermonem
714 2494 747 2556 in
784 2491 841 2557 illis
878 2491 988 2558 nostris
1017 2489 1129 2572 libris,

188 2602 277 2694 quod
313 2623 390 2672 esset
416 2606 457 2672 de
479 2614 596 2675 ratione
618 2606 770 2690 dicendi,
800 2605 917 2674 bellea
941 2630 991 2673 me
1019 2630 1129 2674 remo-

188 2725 290 2802 visse,
315 2719 355 2784 ad
377 2738 429 2786 eos
452 2739 556 2787 tamen
577 2725 744 2805 retulisse,
770 2748 849 2814 quos
869 2727 935 2816 ipse
958 2721 1127 2791 vidissem:

190 2834 461 2901 Aristotelem
500 2836 668 2928 deniqne,
712 2864 792 2927 quae
821 2839 862 2904 de
884 2865 918 2907 re
940 2839 1067 2930 publice
1096 2856 1131 2905 et

189 2964 367 3042 praestante
399 2949 465 3014 viro
488 2950 628 3032 scribat,
666 2956 774 3039 alarum
803 2954 902 3040 loqui.
949 2953 1130 3022 Commovit

189 3091 259 3150 me,
291 3082 323 3132 et
353 3058 405 3131 eo'
424 3067 539 3152 magis,
573 3065 661 3156 quod
687 3068 836 3135 maximos
870 3085 972 3136 motus
1007 3086 1130 3136 nostrae

190 3181 321 3250 civitatis
350 3180 501 3266 attingere
533 3204 598 3248 non
617 3199 780 3273 poteram,
815 3181 904 3274 quod
926 3200 1019 3250 erant
1038 3182 1127 3251 infe-

189 3301 308 3385 riores,
331 3323 429 3389 quam
449 3298 573 3366 illorum
592 3318 690 3385 astes,
717 3304 774 3391 qui
794 3300 1018 3392 loquebantur.
1060 3304 1130 3390 Ego

189 3433 294 3484 eutem
325 3414 359 3481 id
395 3417 500 3507 ipsum
530 3432 598 3481 tum
629 3440 713 3483 eram
739 3435 878 3496 secutus,
905 3443 946 3486 ne
967 3420 1001 3486 in
1023 3436 1129 3487 nostra

190 3549 331 3620 tempora
353 3531 537 3615 incurrens,
560 3530 752 3601 offenderem
783 3535 976 3627 quempiam.
1031 3537 1128 3603 Nune

190 3662 233 3714 et.
261 3643 293 3711 id
318 3645 443 3730 vitabo,
481 3663 513 3712 et
534 3647 655 3736 loquar
677 3653 748 3738 ipm
773 3653 900 3718 tecum''
918 3648 978 3738 (l).
1022 3650 1124 3718 Novi-

235 3941 275 4016 (ι)
296 3940 346 4013 ιιι,-
366 3938 420 4017 rp.
445 3940 476 3999 e.
