2894 4896
762 329 804 393 98

309 543 378 586 mus
412 518 505 603 igitur
536 537 575 580 er
597 513 766 597 hocloco,
800 509 839 578 ad
859 511 1055 603 propositam
1087 517 1264 604 quaestio·

309 658 383 701 near
407 627 589 697 solvendam
613 631 761 712 maximi,
789 643 825 693 ut
848 626 926 695 mihi
951 627 1084 717 quidem
1108 629 1265 729 ridetur,

312 749 489 828 momenti,
527 744 734 837 principalem
767 766 889 812 cauum
906 742 1004 832 hujus
1022 747 1122 832 gravis
1138 746 1263 814 laboris

309 862 511 930 Ciceroni
539 860 654 943 fuisse,
688 857 797 949 quod,
831 883 906 927 cum
937 862 1078 950 primum
1110 861 1258 929 inlibris

308 981 369 1046 suis
391 977 432 1043 de
451 979 498 1044 Rc
522 975 646 1068 publica
668 976 752 1043 hanc
781 974 1076 1044 Aristoteliam
1097 979 1253 1048 rationem

309 1119 387 1171 esset
410 1114 545 1178 secutus,
568 1121 652 1187 qna,
678 1095 863 1163 Platonis
885 1095 1039 1187 exemplo,
1064 1097 1157 1188 κωφὸν
1182 1103 1251 1187 ejus

310 1230 461 1317 πρόσωπον
482 1241 579 1301 esset,
614 1247 666 1291 eos
693 1247 781 1290 nunc
812 1224 847 1288 in
868 1222 1002 1290 sormam
1023 1225 1250 1311 efficaciorem,

311 1342 548 1411 Aristoteli
583 1342 678 1429 magis
697 1340 994 1434 peculiaremque
1013 1366 1121 1433 penes
1142 1350 1250 1436 psum

313 1470 396 1526 esset
411 1464 642 1549 pancarpum,
664 1456 820 1543 refingere
852 1474 1093 1528 consectaretur.

359 1576 411 1647 Ad
431 1578 521 1646 hunc
552 1578 647 1665 igitur
672 1599 812 1659 norun,
836 1600 904 1667 quo
936 1578 1095 1647 Cicero
1131 1604 1250 1671 prove·
1304 1603 1311 1613 ’

316 1697 413 1762 ctiore
438 1690 567 1759 demum
591 1707 689 1758 aetate
712 1692 910 1783 potissimum
933 1717 1007 1760 usus
1031 1695 1253 1781 ostendetur,

316 1833 389 1876 cum
424 1805 607 1874 transeundi
638 1807 859 1899 opportunitas
888 1806 990 1875 oblata
1020 1811 1083 1892 sit,
1117 1810 1195 1878 haec
1213 1836 1253 1878 ex

315 1928 382 2015 ejus
412 1924 452 1990 atl
485 1924 685 1993 Atticum
714 1924 763 2013 (l)
799 1925 938 2013 Epistola
967 1929 1094 2011 verba,
1137 1932 1253 2020 quibus

316 2051 481 2139 utriusque
529 2048 655 2115 rationis
700 2045 871 2113 discrimen
921 2047 1040 2133 egregie
1074 2047 1251 2135 signifieat,

317 2175 544 2270 praemittenda
566 2199 629 2241 esse
652 2175 770 2242 censui.
815 2175 861 2240 Ut
884 2198 1024 2257 „meum
1050 2173 1143 2263 topia
1158 2177 1252 2263 πρόσ-

317 2317 518 2383 onerasset,
551 2302 613 2368 hoc
648 2301 681 2365 in
713 2298 850 2390 antiquis
883 2303 1022 2392 personis
1039 2305 1171 2370 suaviter
1192 2303 1252 2385 lit,

319 2431 355 2480 ut
377 2432 409 2481 et
431 2412 673 2483 Heraclides
695 2416 730 2481 in
753 2414 879 2501 multis,
912 2434 944 2483 et
982 2442 1038 2487 nos
1058 2444 1111 2486 sex
1135 2419 1175 2486 dc
1207 2423 1253 2488 Re

317 2532 445 2626 publica
485 2532 573 2597 libris
605 2528 745 2598 lecimus.
799 2531 884 2598 Sunt
914 2535 1005 2600 etiam
1036 2534 1077 2602 de
1120 2538 1253 2606 Oratore

317 2652 415 2717 nostri
442 2666 522 2731 tres,
546 2647 625 2714 mihi
646 2647 846 2716 vehementer
869 2652 1004 2740 probati.
1048 2653 1086 2719 In
1103 2655 1145 2719 eis
1165 2680 1251 2745 quo-

317 2790 381 2858 que
413 2791 465 2831 eae
500 2788 650 2854 personae
674 2782 770 2849 sunt,
794 2782 830 2831 ut
853 2765 933 2832 mihi
956 2767 1125 2836 tacendum
1147 2772 1250 2839 fuerit.

316 2884 498 2950 Crassus
517 2907 602 2949 eninr
621 2881 782 2972 loquitur,
806 2883 1047 2970 Antonius,
1069 2880 1259 2955 Catulus

314 3000 430 3084 senex,
479 3001 517 3067 C.
550 2999 715 3081 Julius,
752 2999 848 3064 frater
882 3000 1052 3084 Catuli,
1093 3008 1249 3089 Cotta,

316 3114 558 3204 Sulpicius.
604 3114 705 3178 Puero
725 3135 775 3175 me
799 3111 852 3179 hic
872 3136 976 3181 sermo
998 3114 1183 3205 inducitur,
1215 3139 1251 3188 ut
1336 3121 1341 3128 ’

315 3231 417 3298 nullae
454 3255 517 3296 esse
548 3245 675 3321 possent
699 3244 803 3317 partes
825 3254 920 3300 meae.
965 3236 1056 3324 Quae
1074 3254 1178 3306 autem
1204 3241 1251 3306 his

316 3350 510 3437 temporibus
519 3348 652 3439 scripsi,
677 3342 889 3438 ’Aprrorelnov
912 3380 1034 3427 morem
1057 3354 1176 3428 habent
1190 3361 1252 3453 (2),

318 3523 544 3538 unm—D

361 3610 399 3685 (l)
422 3608 443 3665 l.
473 3607 547 3682 lllll,
577 3609 631 3687 Ep.
666 3612 713 3670 to.
758 3613 798 3691 (ἢ)
821 3615 860 3674 lta
885 3615 956 3695 lagg.
980 3637 1033 3697 pro
1056 3621 1167 3699 vulgato
1179 3624 1256 3701 signo

319 3720 400 3779 colon
424 3736 474 3777 seu
498 3720 668 3795 corneolos,
692 3723 736 3782 rel
764 3743 816 3801 pro
844 3727 1041 3805 incompacti
1060 3729 1157 3807 signo,
1181 3733 1257 3807 qnod

319 3827 513 3886 Ernestius
533 3830 667 3907 reposuit.
711 3833 799 3893 Video
817 3834 876 3911 jam
897 3849 960 3896 anto
988 3857 1033 3899 me
1067 3838 1139 3898 huno
1165 3840 1257 3901 locum

318 3936 356 3993 ita
382 3935 543 3997 curandasse
577 3937 788 3999 Gorenziunr
831 3942 866 4000 atl
909 3942 980 4004 Cic.
1002 3942 1256 4015 dolinlnttttl·
