2894 4896
760 414 820 485 128

318 601 404 672 modi
436 622 548 686 causa,
580 602 636 670 aed
670 604 763 670 etiam
797 602 893 669 vitam
912 598 1118 669 amittendam
1140 600 1252 668 existi-

320 734 463 787 merenti
488 721 546 810 qui
576 718 705 788 tandem
723 717 794 786 fieri
812 718 939 807 potuit,
965 716 1024 783 nisi
1045 715 1187 784 homines
1209 738 1256 798 ea,

323 856 406 923 qnae
425 836 548 903 ratione
564 836 777 918 invenissent,
797 833 977 929 eloquentia
988 831 1177 925 persuadere
1189 856 1255 923 po-

325 950 477 1016 tuissent”
489 953 507 1018 ‘i
539 951 625 1018 etin
651 949 740 1018 libris
763 946 804 1015 de
825 951 959 1017 Oratore
984 946 1054 1036 (l)=
1071 947 1196 1038 ⁴„Quae
1214 947 1259 1013 vis

325 1063 383 1131 alia
413 1066 519 1157 potuit
548 1080 604 1134 ant
633 1062 788 1157 dispersos
807 1064 951 1131 homines
978 1088 1081 1130 unum
1100 1064 1136 1129 in
1153 1061 1258 1131 mcum

326 1202 534 1266 congregare,
554 1196 609 1249 aut
635 1181 735 1247 asem
758 1181 934 1272 agrestique
956 1181 1018 1247 rita
1039 1177 1080 1246 ad
1090 1176 1258 1246 hunchu-

327 1319 457 1363 mannm
489 1295 612 1363 cultum
648 1295 835 1388 civilemque
868 1293 1050 1381 deducere,
1089 1311 1166 1378 ant,
1193 1296 1259 1382 jam

325 1413 503 1481 constitutis
525 1412 713 1497 civitatibus,
735 1411 828 1499 leges,
846 1409 990 1500 judicia,
1011 1408 1258 1500 juradesctibe·

324 1531 446 1597 rei—
468 1526 522 1596 Sic
546 1528 632 1594 enim
659 1542 785 1611 statuo,
808 1527 942 1620 perfecti
963 1527 1093 1595 oratoris
1114 1522 1260 1593 modera-

329 1645 415 1711 tione
444 1658 477 1710 et
511 1644 662 1733 sapientia
695 1667 762 1710 non
797 1641 898 1709 solum
927 1644 1024 1732 ipsius
1055 1639 1259 1728 dignitatem,

329 1752 385 1823 aad
415 1772 451 1823 et
484 1760 680 1849 privatorum
714 1757 954 1846 plurimorum,
986 1774 1019 1824 et
1038 1759 1199 1825 universae
1218 1757 1261 1822 rei

326 1870 477 1964 publicae
507 1871 638 1940 salutem
669 1874 803 1941 maxime
836 1875 1028 1942 contineri.'’
1077 1874 1163 1941 Hinc
1189 1874 1263 1938 item

329 1982 365 2054 in
406 1987 591 2080 republica
630 1990 826 2081 eloquentiae
852 1992 988 2079 primas,
1016 1990 1100 2078 juris
1121 1989 1264 2056 scientiae

328 2101 481 2172 secundm
501 2107 674 2174 noncessit:
699 2129 800 2196 quum
826 2106 860 2171 in
881 2105 996 2190 altera,
1028 2105 1171 2192 gratiae,
1193 2104 1263 2192 glo-

331 2224 415 2307 riae,
441 2221 587 2310 praesidii
609 2224 786 2313 plurimum
806 2240 904 2293 essetz
938 2224 973 2289 in
999 2221 1094 2289 altera
1113 2244 1264 2311 persecu-

332 2337 478 2417 tionum,
512 2340 757 2428 cautionumque
790 2339 995 2429 praecepti03
1031 2361 1113 2427 quae
1138 2334 1267 2427 quidem

334 2452 402 2540 ipsa
422 2448 570 2516 auxilium
596 2452 636 2518 ab
659 2451 838 2541 eloquentia
859 2476 949 2545 saepe
972 2469 1116 2546 peteret,
1139 2476 1173 2519 ea
1194 2475 1268 2518 uero

344 2682 571 2703 m

377 2824 416 2900 (t)
439 2823 462 2898 i,
490 2821 521 2882 8.
552 2823 596 2884 Cf.
626 2822 733 2887 Brut.
759 2845 786 2888 c.
813 2830 843 2904 6,
869 2824 952 2890 Tusc.
980 2830 1003 2905 Ι,
1036 2828 1061 2896 i,
1101 2827 1136 2889 de
1160 2828 1216 2889 Off.
1245 2826 1268 2903 1,

338 2932 386 3003 tt,
413 2932 450 2995 de
474 2935 560 3015 legg.
588 2937 611 3013 1,
638 2939 669 3014 9,
694 2939 729 2999 de
745 2938 818 3018 Rep.
832 2940 880 3015 111,
897 2940 929 3017 2,
946 2953 975 3000 et
988 2939 1101 3001 Arist.
1117 2941 1179 3001 Pol.
1196 2941 1220 3016 1,
1237 2937 1268 3016 2,

336 3065 367 3128 p.
413 3046 502 3114 1255,
538 3048 606 3108 a.9
635 3066 718 3128 sqq-t
745 3055 831 3129 Λόγον
852 3053 882 3110 ii
900 3052 978 3129 μόνον
998 3052 1130 3131 ἅνθρωπος
1148 3054 1203 3132 ixit
1221 3061 1272 3113 τῶν

337 3169 476 3238 ζῷων.-
504 3161 517 3217 ‘n
548 3160 578 3218 δὲ
598 3160 674 3235 λόγος
692 3160 735 3217 ἰπὶ
753 3169 791 3234 τῷ
809 3159 907 3221 distata
926 3163 968 3229 ἒςὶ
987 3160 1017 3218 r'o
1036 3165 1161 3240 συμφέρον
1180 3162 1272 3221 καὶτὸ

337 3271 490 3346 βλκβορόν,
522 3271 575 3335 aies
601 3269 647 3325 aat
675 3267 706 3324 τὸ
737 3270 838 3327 δίκαιον
870 3272 915 3327 καὶ
946 3269 976 3328 ri
996 3270 1098 3329 ἄδικον.
1118 3279 1195 3330 τοῦτο
1221 3273 1273 3350 γὰρ

338 3374 403 3452 πρὸς
430 3371 519 3433 τᾶλλα
544 3381 599 3451 ζῷα
626 3383 683 3441 τοῖς
713 3378 855 3454 ἀνθρώποις
886 3377 978 3447 ἴδιον,
1009 3378 1039 3436 τὸ
1068 3381 1146 3456 μόνον
1174 3384 1274 3457 ἀγαθοῦ

279 3519 289 3536 .
336 3483 383 3541 ut
414 3487 495 3540 κακοῦ
527 3485 572 3540 καὶ
604 3483 707 3541 δικαίου
726 3486 771 3542 καὶ
791 3484 885 3542 ἀδίκου
916 3489 1030 3544 καὶτῶν
1050 3486 1136 3548 ἄλλων
1165 3488 1276 3551 riflum

341 3591 422 3669 flur.
456 3597 472 3656 ἡ
504 3591 535 3650 ‹ii
565 3597 663 3650 τούτων
693 3569 814 3652 notuerint
843 3604 912 3654 ποιεῖ
943 3599 1027 3654 οἰκίαν
1047 3599 1092 3653 καὶ
1110 3597 1197 3655 πόλιν.
1219 3591 1275 3653 Cff.

339 3695 423 3757 etiam
449 3693 644 3771 Kuehncr,
668 3694 703 3763 0,
729 3696 751 3756 Ι.
780 3717 811 3776 p.
843 3699 894 3775 tt,
919 3698 1053 3777 imprimis
1075 3720 1114 3778 p«
1132 3697 1171 3757 78
1203 3702 1278 3762 notis

342 3807 363 3865 5
398 3816 427 3864 et
459 3803 711 3866 terune.
736 3808 1002 3886 vaniieusde,
1034 3809 1118 3871 (1.1.
1161 3829 1192 3888 p.
1219 3813 1279 3872 175

346 3912 449 3991 (ibique
467 3913 607 3975 laurinum
621 3914 706 3977 Man
716 3936 734 3977 u
743 3918 836 3978 tium
850 3918 878 3977 iu
890 3933 1052 3997 argumento
1066 3934 1138 3983 orat.
1153 3923 1281 4001 prolege

345 4023 498 4087 Manilia
526 4025 580 4086 Ed.
608 4026 740 4091 Graev.
768 4041 791 4087 t.
821 4029 846 4088 11
871 4033 990 4109 praem.)
1020 4045 1048 4093 et
1075 4052 1105 4112 p.
1131 4034 1193 4096 att
1217 4052 1259 4112 sq.
