<?xml version="1.0" encoding="UTF-8"?>
<!DOCTYPE html PUBLIC "-//W3C//DTD XHTML 1.0 Transitional//EN"
    "http://www.w3.org/TR/xhtml1/DTD/xhtml1-transitional.dtd">
<html xmlns="http://www.w3.org/1999/xhtml" xml:lang="en" lang="en">
 <head>
  <title>
</title>
<meta http-equiv="Content-Type" content="text/html;charset=utf-8" />
  <meta name='ocr-system' content='tesseract 3.04.00' />
  <meta name='ocr-capabilities' content='ocr_page ocr_carea ocr_par ocr_line ocrx_word'/>
</head>
<body>
  <div class='ocr_page' id='page_1' title='image "./disquisitiocrit01baumgoog_0090.png"; bbox 0 0 2894 4896; ppageno 0'>
   <div class='ocr_carea' id='block_1_1' title="bbox 653 448 695 514">
    <p class='ocr_par' dir='ltr' id='par_1_1' title="bbox 653 448 695 514">
     <span class='ocr_line' id='line_1_1' title="bbox 653 448 695 514; baseline 0 0"><span class='ocrx_word' id='word_1_1' title='bbox 653 448 695 514; x_wconf 85' lang='grc'><strong>69</strong></span> 
     </span>
    </p>
   </div>
   <div class='ocr_carea' id='block_1_2' title="bbox 189 629 1131 2331">
    <p class='ocr_par' dir='ltr' id='par_1_2' title="bbox 189 629 1129 1414">
     <span class='ocr_line' id='line_1_2' title="bbox 191 629 1123 727; baseline -0.002 -27"><span class='ocrx_word' id='word_1_2' title='bbox 191 633 274 700; x_wconf 87' lang='lat' dir='ltr'><strong>libro</strong></span> <span class='ocrx_word' id='word_1_3' title='bbox 305 632 369 727; x_wconf 79' lang='grc' dir='ltr'><strong>περὶ</strong></span> <span class='ocrx_word' id='word_1_4' title='bbox 396 635 554 724; x_wconf 56' lang='lat' dir='ltr'><strong>coercentis</strong></span> <span class='ocrx_word' id='word_1_5' title='bbox 579 629 708 719; x_wconf 78' lang='grc' dir='ltr'><em>ἐλέγχων</em></span> <span class='ocrx_word' id='word_1_6' title='bbox 734 631 879 718; x_wconf 78' lang='lat' dir='ltr'><strong>cogitasse</strong></span> <span class='ocrx_word' id='word_1_7' title='bbox 900 631 1045 710; x_wconf 86' lang='lat' dir='ltr'><strong>Cicero</strong></span> <span class='ocrx_word' id='word_1_8' title='bbox 1070 634 1123 700; x_wconf 86' lang='lat' dir='ltr'><strong>vi·</strong></span> 
     </span>
     <span class='ocr_line' id='line_1_3' title="bbox 192 743 1128 838; baseline 0 -26"><span class='ocrx_word' id='word_1_9' title='bbox 192 745 307 831; x_wconf 89' lang='lat' dir='ltr'><strong>detur,</strong></span> <span class='ocrx_word' id='word_1_10' title='bbox 331 748 400 832; x_wconf 91' lang='lat' dir='ltr'><strong>ubi,</strong></span> <span class='ocrx_word' id='word_1_11' title='bbox 420 747 504 813; x_wconf 87' lang='lat' dir='ltr'><strong>libro</strong></span> <span class='ocrx_word' id='word_1_12' title='bbox 526 761 641 838; x_wconf 88' lang='lat' dir='ltr'><strong>quarto</strong></span> <span class='ocrx_word' id='word_1_13' title='bbox 660 743 701 813; x_wconf 87' lang='lat' dir='ltr'><strong>de</strong></span> <span class='ocrx_word' id='word_1_14' title='bbox 724 746 864 829; x_wconf 85' lang='lat' dir='ltr'><strong>Finibus,</strong></span> <span class='ocrx_word' id='word_1_15' title='bbox 891 744 940 833; x_wconf 87' lang='lat' dir='ltr'><strong>(i)</strong></span> <span class='ocrx_word' id='word_1_16' title='bbox 963 747 1128 838; x_wconf 85' lang='lat' dir='ltr'><strong>Peripate·</strong></span> 
     </span>
     <span class='ocr_line' id='line_1_4' title="bbox 189 857 1129 945; baseline 0 -18"><span class='ocrx_word' id='word_1_17' title='bbox 189 861 328 928; x_wconf 84' lang='lat' dir='ltr'><strong>ticorum</strong></span> <span class='ocrx_word' id='word_1_18' title='bbox 361 862 492 943; x_wconf 86' lang='lat' dir='ltr'><strong>merita,</strong></span> <span class='ocrx_word' id='word_1_19' title='bbox 524 862 559 926; x_wconf 88' lang='lat' dir='ltr'><strong>in</strong></span> <span class='ocrx_word' id='word_1_20' title='bbox 598 857 802 942; x_wconf 84' lang='lat' dir='ltr'><strong>definiendo,</strong></span> <span class='ocrx_word' id='word_1_21' title='bbox 825 858 1075 945; x_wconf 82' lang='lat' dir='ltr'><strong>argumentando</strong></span> <span class='ocrx_word' id='word_1_22' title='bbox 1096 877 1129 927; x_wconf 88' lang='lat' dir='ltr'><strong>et</strong></span> 
     </span>
     <span class='ocr_line' id='line_1_5' title="bbox 193 973 1126 1065; baseline -0.003 -22"><span class='ocrx_word' id='word_1_23' title='bbox 193 974 417 1044; x_wconf 88' lang='lat' dir='ltr'><strong>concludendo</strong></span> <span class='ocrx_word' id='word_1_24' title='bbox 441 975 596 1059; x_wconf 89' lang='lat' dir='ltr'><strong>celebrat,</strong></span> <span class='ocrx_word' id='word_1_25' title='bbox 621 973 710 1065; x_wconf 87' lang='lat' dir='ltr'><strong>quod</strong></span> <span class='ocrx_word' id='word_1_26' title='bbox 736 973 867 1043; x_wconf 86' lang='lat' dir='ltr'><strong>maxime</strong></span> <span class='ocrx_word' id='word_1_27' title='bbox 884 973 1126 1062; x_wconf 86' lang='lat' dir='ltr'><strong>haecejusver-</strong></span> 
     </span>
     <span class='ocr_line' id='line_1_6' title="bbox 193 1080 1127 1182; baseline 0 -23"><span class='ocrx_word' id='word_1_28' title='bbox 193 1095 237 1159; x_wconf 93' lang='lat' dir='ltr'><strong>ba</strong></span> <span class='ocrx_word' id='word_1_29' title='bbox 260 1090 442 1161; x_wconf 83' lang='lat' dir='ltr'><strong>declarant:</strong></span> <span class='ocrx_word' id='word_1_30' title='bbox 490 1093 654 1182; x_wconf 86' lang='lat' dir='ltr'><strong>„Quanta</strong></span> <span class='ocrx_word' id='word_1_31' title='bbox 677 1080 782 1158; x_wconf 85' lang='lat' dir='ltr'><strong>autem</strong></span> <span class='ocrx_word' id='word_1_32' title='bbox 806 1091 933 1159; x_wconf 87' lang='lat' dir='ltr'><strong>varietas</strong></span> <span class='ocrx_word' id='word_1_33' title='bbox 954 1116 1127 1179; x_wconf 88' lang='lat' dir='ltr'><strong>argumen-</strong></span> 
     </span>
     <span class='ocr_line' id='line_1_7' title="bbox 194 1203 1128 1298; baseline 0.001 -26"><span class='ocrx_word' id='word_1_34' title='bbox 194 1224 300 1274; x_wconf 88' lang='lat' dir='ltr'><strong>torum</strong></span> <span class='ocrx_word' id='word_1_35' title='bbox 321 1207 441 1275; x_wconf 90' lang='lat' dir='ltr'><strong>ratione</strong></span> <span class='ocrx_word' id='word_1_36' title='bbox 471 1203 730 1273; x_wconf 84' lang='lat' dir='ltr'><strong>concludentium</strong></span> <span class='ocrx_word' id='word_1_37' title='bbox 752 1228 927 1298; x_wconf 88' lang='lat' dir='ltr'><strong>eorumque</strong></span> <span class='ocrx_word' id='word_1_38' title='bbox 965 1230 1038 1273; x_wconf 89' lang='lat' dir='ltr'><strong>cum</strong></span> <span class='ocrx_word' id='word_1_39' title='bbox 1072 1228 1128 1273; x_wconf 87' lang='lat' dir='ltr'><strong>ca-</strong></span> 
     </span>
     <span class='ocr_line' id='line_1_8' title="bbox 193 1319 882 1414; baseline -0.001 -25"><span class='ocrx_word' id='word_1_40' title='bbox 193 1323 301 1414; x_wconf 88' lang='lat' dir='ltr'><strong>ptiosis</strong></span> <span class='ocrx_word' id='word_1_41' title='bbox 321 1323 616 1409; x_wconf 77' lang='lat' dir='ltr'><strong>interrogationibus</strong></span> <span class='ocrx_word' id='word_1_42' title='bbox 628 1319 882 1389; x_wconf 83' lang='lat' dir='ltr'><strong>dissimilitudo.&#39;&#39;</strong></span> 
     </span>
    </p>

    <p class='ocr_par' dir='ltr' id='par_1_3' title="bbox 190 1434 1131 2331">
     <span class='ocr_line' id='line_1_9' title="bbox 236 1434 1126 1529; baseline 0 -26"><span class='ocrx_word' id='word_1_43' title='bbox 236 1435 414 1505; x_wconf 87' lang='lat' dir='ltr'><strong>Dialectioes</strong></span> <span class='ocrx_word' id='word_1_44' title='bbox 449 1439 531 1527; x_wconf 88' lang='lat' dir='ltr'><strong>parti</strong></span> <span class='ocrx_word' id='word_1_45' title='bbox 559 1434 606 1523; x_wconf 26' lang='lat' dir='ltr'><strong>,de</strong></span> <span class='ocrx_word' id='word_1_46' title='bbox 635 1438 817 1529; x_wconf 82' lang='lat' dir='ltr'><strong>inventione</strong></span> <span class='ocrx_word' id='word_1_47' title='bbox 837 1436 1006 1520; x_wconf 84' lang='lat' dir='ltr'><strong>Cicero,</strong></span> <span class='ocrx_word' id='word_1_48' title='bbox 1043 1437 1126 1504; x_wconf 87' lang='lat' dir='ltr'><strong>libro</strong></span> 
     </span>
     <span class='ocr_line' id='line_1_10' title="bbox 193 1545 1129 1635; baseline -0.003 -17"><span class='ocrx_word' id='word_1_49' title='bbox 193 1549 332 1620; x_wconf 87' lang='lat' dir='ltr'><strong>secundo</strong></span> <span class='ocrx_word' id='word_1_50' title='bbox 352 1550 393 1617; x_wconf 90' lang='lat' dir='ltr'><strong>de</strong></span> <span class='ocrx_word' id='word_1_51' title='bbox 413 1556 571 1634; x_wconf 84' lang='lat' dir='ltr'><strong>Oratore,</strong></span> <span class='ocrx_word' id='word_1_52' title='bbox 594 1565 696 1616; x_wconf 88' lang='lat' dir='ltr'><strong>totum</strong></span> <span class='ocrx_word' id='word_1_53' title='bbox 719 1548 824 1615; x_wconf 89' lang='lat' dir='ltr'><strong>locum</strong></span> <span class='ocrx_word' id='word_1_54' title='bbox 845 1545 886 1614; x_wconf 92' lang='lat' dir='ltr'><strong>de</strong></span> <span class='ocrx_word' id='word_1_55' title='bbox 904 1547 1129 1635; x_wconf 80' lang='lat' dir='ltr'><strong>jocisetiace-</strong></span> 
     </span>
     <span class='ocr_line' id='line_1_11' title="bbox 195 1659 1130 1753; baseline 0.003 -26"><span class='ocrx_word' id='word_1_56' title='bbox 195 1662 266 1744; x_wconf 81' lang='lat' dir='ltr'><strong>tiis,</strong></span> <span class='ocrx_word' id='word_1_57' title='bbox 289 1687 305 1728; x_wconf 90' lang='lat' dir='ltr'><strong>a</strong></span> <span class='ocrx_word' id='word_1_58' title='bbox 328 1663 492 1728; x_wconf 79' lang='lat' dir='ltr'><strong>Caesare</strong></span> <span class='ocrx_word' id='word_1_59' title='bbox 514 1677 579 1727; x_wconf 87' lang='lat' dir='ltr'><strong>tam</strong></span> <span class='ocrx_word' id='word_1_60' title='bbox 599 1660 667 1727; x_wconf 83' lang='lat' dir='ltr'><strong>fuse</strong></span> <span class='ocrx_word' id='word_1_61' title='bbox 690 1677 786 1752; x_wconf 87' lang='lat' dir='ltr'><strong>atque</strong></span> <span class='ocrx_word' id='word_1_62' title='bbox 805 1659 911 1753; x_wconf 87' lang='lat' dir='ltr'><strong>lepide</strong></span> <span class='ocrx_word' id='word_1_63' title='bbox 932 1662 1130 1752; x_wconf 84' lang='lat' dir='ltr'><strong>expositum,</strong></span> 
     </span>
     <span class='ocr_line' id='line_1_12' title="bbox 194 1774 1130 1864; baseline 0.001 -24"><span class='ocrx_word' id='word_1_64' title='bbox 194 1790 355 1858; x_wconf 82' lang='lat' dir='ltr'><strong>accenset3</strong></span> <span class='ocrx_word' id='word_1_65' title='bbox 393 1776 430 1841; x_wconf 87' lang='lat' dir='ltr'><strong>in</strong></span> <span class='ocrx_word' id='word_1_66' title='bbox 462 1774 512 1840; x_wconf 90' lang='lat' dir='ltr'><strong>bis</strong></span> <span class='ocrx_word' id='word_1_67' title='bbox 543 1790 669 1858; x_wconf 86' lang='lat' dir='ltr'><strong>autem,</strong></span> <span class='ocrx_word' id='word_1_68' title='bbox 715 1796 796 1864; x_wconf 86' lang='lat' dir='ltr'><strong>quae</strong></span> <span class='ocrx_word' id='word_1_69' title='bbox 826 1796 866 1841; x_wconf 80' lang='lat' dir='ltr'><strong>ex</strong></span> <span class='ocrx_word' id='word_1_70' title='bbox 902 1774 1130 1843; x_wconf 78' lang='lat' dir='ltr'><strong>Aristotele</strong></span> 
     </span>
     <span class='ocr_line' id='line_1_13' title="bbox 193 1887 1130 1982; baseline 0 -24"><span class='ocrx_word' id='word_1_71' title='bbox 193 1889 382 1981; x_wconf 69' lang='lat' dir='ltr'><strong>profecerit,</strong></span> <span class='ocrx_word' id='word_1_72' title='bbox 414 1887 588 1982; x_wconf 84' lang='lat' dir='ltr'><strong>deperditis</strong></span> <span class='ocrx_word' id='word_1_73' title='bbox 623 1889 711 1956; x_wconf 90' lang='lat' dir='ltr'><strong>libris</strong></span> <span class='ocrx_word' id='word_1_74' title='bbox 745 1889 900 1972; x_wconf 69' lang='lat' dir='ltr'><strong>Ponticis,</strong></span> <span class='ocrx_word' id='word_1_75' title='bbox 936 1892 972 1956; x_wconf 90' lang='lat' dir='ltr'><strong>in</strong></span> <span class='ocrx_word' id='word_1_76' title='bbox 1012 1892 1130 1980; x_wconf 87' lang='lat' dir='ltr'><strong>quibus</strong></span> 
     </span>
     <span class='ocr_line' id='line_1_14' title="bbox 193 2005 1130 2098; baseline 0.001 -23"><span class='ocrx_word' id='word_1_77' title='bbox 193 2005 265 2075; x_wconf 88' lang='lat' dir='ltr'><strong>data</strong></span> <span class='ocrx_word' id='word_1_78' title='bbox 298 2031 392 2098; x_wconf 90' lang='lat' dir='ltr'><strong>opera</strong></span> <span class='ocrx_word' id='word_1_79' title='bbox 422 2006 463 2073; x_wconf 91' lang='lat' dir='ltr'><strong>de</strong></span> <span class='ocrx_word' id='word_1_80' title='bbox 500 2007 562 2076; x_wconf 89' lang='lat' dir='ltr'><strong>hoc</strong></span> <span class='ocrx_word' id='word_1_81' title='bbox 579 2023 765 2096; x_wconf 82' lang='lat' dir='ltr'><strong>argumento</strong></span> <span class='ocrx_word' id='word_1_82' title='bbox 792 2008 887 2095; x_wconf 79' lang='lat' dir='ltr'><strong>egisse</strong></span> <span class='ocrx_word' id='word_1_83' title='bbox 910 2005 1035 2075; x_wconf 86' lang='lat' dir='ltr'><strong>videtur</strong></span> <span class='ocrx_word' id='word_1_84' title='bbox 1058 2006 1130 2098; x_wconf 86' lang='lat'>(2),</span> 
     </span>
     <span class='ocr_line' id='line_1_15' title="bbox 190 2121 1131 2213; baseline 0.003 -23"><span class='ocrx_word' id='word_1_85' title='bbox 190 2121 334 2213; x_wconf 89' lang='lat' dir='ltr'><strong>judicare</strong></span> <span class='ocrx_word' id='word_1_86' title='bbox 368 2126 460 2192; x_wconf 87' lang='lat' dir='ltr'><strong>nobis</strong></span> <span class='ocrx_word' id='word_1_87' title='bbox 490 2147 555 2191; x_wconf 88' lang='lat' dir='ltr'><strong>non</strong></span> <span class='ocrx_word' id='word_1_88' title='bbox 587 2123 681 2208; x_wconf 78' lang='lat' dir='ltr'><strong>licet3</strong></span> <span class='ocrx_word' id='word_1_89' title='bbox 718 2124 753 2188; x_wconf 89' lang='lat' dir='ltr'><strong>in</strong></span> <span class='ocrx_word' id='word_1_90' title='bbox 773 2122 950 2192; x_wconf 83' lang='lat' dir='ltr'><strong>Rhetoricis</strong></span> <span class='ocrx_word' id='word_1_91' title='bbox 972 2122 1021 2211; x_wconf 82' lang='lat'><strong>(3)</strong></span> <span class='ocrx_word' id='word_1_92' title='bbox 1044 2126 1131 2195; x_wconf 87' lang='lat' dir='ltr'><strong>enim</strong></span> 
     </span>
     <span class='ocr_line' id='line_1_16' title="bbox 192 2237 941 2331; baseline -0.007 -21"><span class='ocrx_word' id='word_1_93' title='bbox 192 2242 271 2311; x_wconf 87' lang='lat' dir='ltr'><strong>haec</strong></span> <span class='ocrx_word' id='word_1_94' title='bbox 291 2243 426 2312; x_wconf 83' lang='lat' dir='ltr'><strong>strictim</strong></span> <span class='ocrx_word' id='word_1_95' title='bbox 448 2239 631 2330; x_wconf 80' lang='lat' dir='ltr'><strong>attingenda</strong></span> <span class='ocrx_word' id='word_1_96' title='bbox 654 2263 717 2306; x_wconf 86' lang='lat' dir='ltr'><strong>csse</strong></span> <span class='ocrx_word' id='word_1_97' title='bbox 741 2238 832 2306; x_wconf 85' lang='lat' dir='ltr'><strong>duxit</strong></span> <span class='ocrx_word' id='word_1_98' title='bbox 857 2237 941 2331; x_wconf 71' lang='grc' dir='ltr'><strong>(4).Ι</strong></span> 
     </span>
    </p>
   </div>
   <div class='ocr_carea' id='block_1_3' title="bbox 196 2475 1129 3115">
    <p class='ocr_par' dir='ltr' id='par_1_4' title="bbox 196 2475 1129 3115">
     <span class='ocr_line' id='line_1_17' title="bbox 237 2475 1129 2580; baseline -0.01 -20"><span class='ocrx_word' id='word_1_99' title='bbox 237 2502 278 2580; x_wconf 80' lang='lat' dir='ltr'><strong>(i)</strong></span> <span class='ocrx_word' id='word_1_100' title='bbox 299 2519 326 2560; x_wconf 86' lang='lat' dir='ltr'><strong>c.</strong></span> <span class='ocrx_word' id='word_1_101' title='bbox 354 2500 375 2560; x_wconf 78' lang='grc'>4</span> <span class='ocrx_word' id='word_1_102' title='bbox 398 2498 492 2579; x_wconf 86' lang='lat' dir='ltr'><strong>ibique</strong></span> <span class='ocrx_word' id='word_1_103' title='bbox 512 2496 625 2559; x_wconf 86' lang='lat' dir='ltr'><strong>Madv.</strong></span> <span class='ocrx_word' id='word_1_104' title='bbox 647 2516 679 2577; x_wconf 82' lang='lat' dir='ltr'><strong>p.</strong></span> <span class='ocrx_word' id='word_1_105' title='bbox 704 2495 777 2557; x_wconf 70' lang='lat'><strong>497.</strong></span> <span class='ocrx_word' id='word_1_106' title='bbox 821 2493 863 2573; x_wconf 66' lang='lat' dir='ltr'><strong>(i)</strong></span> <span class='ocrx_word' id='word_1_107' title='bbox 884 2475 1129 2568; x_wconf 61' lang='lat' dir='ltr'><strong>assecutam,</strong></span> 
     </span>
     <span class='ocr_line' id='line_1_18' title="bbox 197 2607 1129 2689; baseline -0.012 -17"><span class='ocrx_word' id='word_1_108' title='bbox 197 2612 233 2672; x_wconf 74' lang='lat' dir='ltr'><strong>dl</strong></span> <span class='ocrx_word' id='word_1_109' title='bbox 251 2609 280 2669; x_wconf 84' lang='lat' dir='ltr'><strong>in</strong></span> <span class='ocrx_word' id='word_1_110' title='bbox 301 2608 324 2668; x_wconf 78' lang='lat' dir='ltr'><strong>i.</strong></span> <span class='ocrx_word' id='word_1_111' title='bbox 346 2613 468 2689; x_wconf 73' lang='grc' dir='ltr'><strong>διώριςαι</strong></span> <span class='ocrx_word' id='word_1_112' title='bbox 490 2610 597 2688; x_wconf 78' lang='lat' dir='ltr'><strong>dirupi</strong></span> <span class='ocrx_word' id='word_1_113' title='bbox 617 2610 724 2686; x_wconf 73' lang='grc' dir='ltr'><strong>γελοίων</strong></span> <span class='ocrx_word' id='word_1_114' title='bbox 745 2607 827 2684; x_wconf 80' lang='grc' dir='ltr'>χωρὶς</span> <span class='ocrx_word' id='word_1_115' title='bbox 846 2607 873 2663; x_wconf 76' lang='grc' dir='ltr'><strong>ἒν</strong></span> <span class='ocrx_word' id='word_1_116' title='bbox 892 2607 1023 2682; x_wconf 74' lang='grc' dir='ltr'><strong>τοῖςπερὶ</strong></span> <span class='ocrx_word' id='word_1_117' title='bbox 1051 2626 1129 2681; x_wconf 75' lang='lat' dir='ltr'><strong>nota·</strong></span> 
     </span>
     <span class='ocr_line' id='line_1_19' title="bbox 196 2705 1125 2791; baseline -0.014 -12"><span class='ocrx_word' id='word_1_118' title='bbox 196 2730 280 2786; x_wconf 80' lang='grc' dir='ltr'><strong>τικῆς.</strong></span> <span class='ocrx_word' id='word_1_119' title='bbox 302 2714 348 2775; x_wconf 80' lang='lat' dir='ltr'><strong>Cf.</strong></span> <span class='ocrx_word' id='word_1_120' title='bbox 378 2713 560 2791; x_wconf 75' lang='lat' dir='ltr'><strong>fragmentum</strong></span> <span class='ocrx_word' id='word_1_121' title='bbox 584 2712 619 2771; x_wconf 91' lang='lat' dir='ltr'><strong>de</strong></span> <span class='ocrx_word' id='word_1_122' title='bbox 640 2709 774 2785; x_wconf 71' lang='lat' dir='ltr'><strong>Portica,</strong></span> <span class='ocrx_word' id='word_1_123' title='bbox 805 2726 833 2768; x_wconf 89' lang='lat' dir='ltr'><strong>c.</strong></span> <span class='ocrx_word' id='word_1_124' title='bbox 864 2707 894 2767; x_wconf 73' lang='lat' dir='ltr'><strong>b.</strong></span> <span class='ocrx_word' id='word_1_125' title='bbox 940 2706 981 2785; x_wconf 74' lang='grc' dir='ltr'><strong>(ὅ)</strong></span> <span class='ocrx_word' id='word_1_126' title='bbox 1010 2705 1060 2785; x_wconf 85' lang='lat'>111,</span> <span class='ocrx_word' id='word_1_127' title='bbox 1077 2705 1125 2766; x_wconf 79' lang='lat'><strong>18.</strong></span> 
     </span>
     <span class='ocr_line' id='line_1_20' title="bbox 197 2808 1128 2897; baseline -0.002 -18"><span class='ocrx_word' id='word_1_128' title='bbox 197 2821 252 2880; x_wconf 75' lang='lat' dir='ltr'><strong>Cff.</strong></span> <span class='ocrx_word' id='word_1_129' title='bbox 276 2839 346 2897; x_wconf 90' lang='lat' dir='ltr'><strong>quos</strong></span> <span class='ocrx_word' id='word_1_130' title='bbox 364 2820 430 2878; x_wconf 90' lang='lat' dir='ltr'><strong>citat</strong></span> <span class='ocrx_word' id='word_1_131' title='bbox 456 2819 603 2894; x_wconf 85' lang='lat' dir='ltr'><strong>Harles,</strong></span> <span class='ocrx_word' id='word_1_132' title='bbox 634 2819 669 2878; x_wconf 88' lang='lat' dir='ltr'><strong>de</strong></span> <span class='ocrx_word' id='word_1_133' title='bbox 693 2817 774 2878; x_wconf 84' lang='lat' dir='ltr'><strong>Orat.</strong></span> <span class='ocrx_word' id='word_1_134' title='bbox 797 2818 834 2893; x_wconf 87' lang='lat' dir='ltr'><strong>ll,</strong></span> <span class='ocrx_word' id='word_1_135' title='bbox 862 2817 913 2892; x_wconf 71' lang='lat'><strong>54,</strong></span> <span class='ocrx_word' id='word_1_136' title='bbox 928 2835 958 2894; x_wconf 84' lang='lat' dir='ltr'><strong>p.</strong></span> <span class='ocrx_word' id='word_1_137' title='bbox 976 2808 1046 2883; x_wconf 73' lang='lat'><strong>517,</strong></span> <span class='ocrx_word' id='word_1_138' title='bbox 1061 2827 1128 2877; x_wconf 88' lang='lat' dir='ltr'><strong>nota</strong></span> 
     </span>
     <span class='ocr_line' id='line_1_21' title="bbox 197 2923 1127 3003; baseline -0.002 -17"><span class='ocrx_word' id='word_1_139' title='bbox 197 2927 228 2987; x_wconf 73' lang='lat'><strong>2.</strong></span> <span class='ocrx_word' id='word_1_140' title='bbox 274 2926 372 3003; x_wconf 55' lang='lat' dir='ltr'><strong>(nde</strong></span> <span class='ocrx_word' id='word_1_141' title='bbox 407 2923 602 2985; x_wconf 82' lang='lat' dir='ltr'><strong>Ciceronis</strong></span> <span class='ocrx_word' id='word_1_142' title='bbox 645 2925 789 2984; x_wconf 89' lang='lat' dir='ltr'><strong>dialectica</strong></span> <span class='ocrx_word' id='word_1_143' title='bbox 816 2925 1067 3002; x_wconf 71' lang='lat' dir='ltr'><strong>cffiliuebner,</strong></span> <span class='ocrx_word' id='word_1_144' title='bbox 1096 2942 1127 3003; x_wconf 84' lang='lat' dir='ltr'><strong>p.</strong></span> 
     </span>
     <span class='ocr_line' id='line_1_22' title="bbox 199 3029 856 3115; baseline -0.011 -19"><span class='ocrx_word' id='word_1_145' title='bbox 199 3036 258 3097; x_wconf 75' lang='grc'><strong>156</strong></span> <span class='ocrx_word' id='word_1_146' title='bbox 284 3052 350 3115; x_wconf 74' lang='lat' dir='ltr'><strong>sqq.¹</strong></span> <span class='ocrx_word' id='word_1_147' title='bbox 368 3045 397 3093; x_wconf 88' lang='lat' dir='ltr'><strong>et</strong></span> <span class='ocrx_word' id='word_1_148' title='bbox 420 3032 525 3092; x_wconf 81' lang='lat' dir='ltr'><strong>Teuu.</strong></span> <span class='ocrx_word' id='word_1_149' title='bbox 550 3029 585 3092; x_wconf 87' lang='lat'><strong>0.</strong></span> <span class='ocrx_word' id='word_1_150' title='bbox 615 3031 637 3088; x_wconf 87' lang='lat' dir='ltr'><strong>l.</strong></span> <span class='ocrx_word' id='word_1_151' title='bbox 667 3029 715 3107; x_wconf 80' lang='lat' dir='ltr'><strong>tv,</strong></span> <span class='ocrx_word' id='word_1_152' title='bbox 732 3048 762 3108; x_wconf 87' lang='lat' dir='ltr'><strong>p.</strong></span> <span class='ocrx_word' id='word_1_153' title='bbox 785 3029 856 3089; x_wconf 74' lang='lat'><strong>597.</strong></span> 
     </span>
    </p>
   </div>
   <div class='ocr_carea' id='block_1_4' title="bbox 0 0 1455 4896">
    <p class='ocr_par' dir='ltr' id='par_1_5' title="bbox 0 0 1455 4896">
     <span class='ocr_line' id='line_1_23' title="bbox 0 0 1455 4896; baseline 0 0"><span class='ocrx_word' id='word_1_154' title='bbox 0 0 1455 4896; x_wconf 95' lang='lat' dir='ltr'><strong> </strong></span> 
     </span>
    </p>
   </div>
  </div>
 </body>
</html>
