2918 4814
754 418 814 485 152

301 628 399 677 terrae
429 607 600 677 commodis
638 607 701 673 frui
734 608 851 676 dehere
884 628 1009 692 censet,
1044 631 1081 680 nt
1115 617 1155 681 sit
1180 619 1238 689 τοῖς

300 732 443 821 πολεμίοις
468 729 674 820 δυσέμβολος,
716 732 810 806 αὐτοῖς
836 727 1017 820 δἐὒέξοδος,
1044 736 1239 826 εὐσύνοπτος,

300 856 471 944 εὐβοήθητος
498 856 559 944 (Ι).
602 853 790 924 Cavendum
826 872 931 923 tamen
965 859 1099 925 maxime
1120 878 1237 943 monet,

302 997 345 1041 ue
378 987 570 1042 mercaturae
591 987 623 1038 et
644 969 810 1058 navigandi
833 969 938 1040 studio
961 974 1084 1040 avaritia
1116 977 1152 1042 in
1175 975 1240 1042 dies

303 1093 400 1179 magis
417 1090 541 1172 alatur3
565 1104 712 1180 oportere
731 1089 828 1174 igitur
849 1104 959 1176 portus
977 1106 1009 1155 et
1035 1091 1151 1158 navalia
1168 1110 1241 1184 apte

302 1230 367 1273 ease
389 1204 565 1297 disposita,
597 1221 653 1284 ut,
676 1228 736 1272 nec
762 1206 874 1270 urbem
893 1223 1077 1293 occupent,
1101 1231 1160 1275 nec
1182 1210 1238 1273 ni-

301 1324 360 1387 mia
382 1322 423 1388 ab
445 1345 482 1388 ea
504 1318 646 1401 distent,
667 1319 723 1386 sed
745 1321 965 1389 communibus
985 1324 1084 1389 muris
1103 1349 1140 1390 ac
1162 1346 1239 1390 mu·

302 1439 451 1503 nimentis
484 1439 707 1504 contineantur
742 1434 802 1524 (2)
849 1438 933 1504 ilaec
955 1438 1050 1524 igitur
1075 1437 1240 1505 commoda

304 1575 379 1618 cum
401 1553 490 1620 urbia
508 1552 623 1619 Romae
649 1554 724 1618 situs
746 1553 1033 1644 complecteretur,
1058 1578 1131 1622 eum
1156 1579 1241 1645 quo-

307 1690 372 1759 qne
406 1668 547 1734 Cicero
576 1669 665 1755 justo
697 1669 801 1756 pretio
823 1669 1015 1751 aestimarit,
1048 1668 1242 1755 magnificis-

308 1805 372 1873 que
394 1781 472 1849 adeo
489 1780 635 1849 laudibus
657 1781 792 1850 extulit:
819 1784 912 1873 „Qul
936 1786 1042 1875 potuit
1066 1782 1201 1851 divinius
1212 1801 1244 1849 et

307 1896 456 1964 utilitates
501 1897 670 1988 complecti
699 1898 866 1963 maritimas
900 1896 1086 1965 Romulus
1118 1915 1150 1963 ct
1171 1898 1245 1964 vitia

306 2015 431 2081 ritate?
466 2033 564 2102 quam
593 2009 681 2104 quod
704 2014 818 2079 urbem
836 2015 995 2104 peremnis
1016 2015 1116 2080 amuis
1134 2029 1166 2078 et
1188 2036 1244 2077 ae-

312 2127 445 2223 quabilis
471 2146 504 2196 et
526 2130 561 2193 iu
580 2152 664 2195 marc
694 2128 754 2194 late
782 2128 943 2196 influentis
974 2130 1080 2221 posuit
1097 2130 1130 2195 in
1155 2131 1244 2218 ripa,

310 2270 378 2337 quo
401 2260 503 2336 W
522 2246 600 2313 urbe
619 2261 652 2311 et
673 2246 817 2337 accipere
834 2267 873 2310 ex
904 2246 1003 2326 mari,
1037 2268 1102 2334 quo
1123 2259 1248 2330 egeret,

310 2380 342 2429 ct
364 2359 519 2440 reddere,
542 2384 608 2448 qno
634 2358 843 2433 redundaret:
865 2359 1039 2450 eodatwue
1059 2376 1095 2426 ut
1115 2360 1246 2437 flumine

311 2499 360 2543 res
392 2474 433 2542 ad
462 2475 583 2543 victum
619 2474 807 2567 cultumque
827 2477 961 2549 maxima
982 2477 1163 2543 uocetur-ias
1182 2497 1246 2539 non
1304 2484 1306 2488 '

312 2591 412 2660 solum
433 2592 511 2657 mari
533 2592 735 2675 absorberet,
756 2588 814 2656 ead
836 2591 929 2658 etiam
947 2591 1248 2683 invectasacciperet

312 2731 350 2774 ex
369 2707 474 2772 terra”
498 2703 558 2791 (3).

359 2823 409 2889 Ex
433 2820 482 2886 hir
496 2820 601 2902 locis,
621 2823 678 2887 etei
698 2844 762 2889 nou
785 2845 892 2889 omnes
913 2821 1023 2889 eadem
1035 2824 1152 2889 trutina
1160 2844 1248 2914 pon·
1314 2822 1319 2831 '

316 2937 474 3007 dernndoa
504 2962 568 3007 esse
599 2937 775 3017 confitear,
799 2936 862 3005 hoc
881 2937 991 3009 saltem·
1011 2953 1159 3031 apparet,
1182 2937 1249 3002 Ci-

317 3080 504 3127 ceronem
541 3079 580 3120 ex
605 3053 743 3121 Puliticit
773 3054 860 3121 libris
896 3053 1136 3122 Aristotelis
1163 3049 1250 3119 haud

317 3198 434 3265 parum
466 3169 632 3259 proiecisse
663 3193 780 3257 cosque
798 3167 876 3236 adeo
893 3169 1060 3259 diligenter
1084 3171 1124 3236 ab
1142 3193 1181 3236 eo
1202 3167 1250 3234 le-

319 3304 385 3354 ctos
407 3286 509 3352 luisse.
554 3285 647 3352 Juvat
675 3285 769 3353 etiam
791 3283 859 3352 hoe
879 3284 949 3353 loco
967 3285 1123 3375 quaedam
1145 3308 1163 3348 e
1185 3286 1250 3350 Ci-

319 3403 475 3470 ceronis
497 3399 690 3492 Epistolis
712 3423 896 3491 apponere,
918 3425 937 3466 e
964 3402 1253 3494 quibusappareat,

318 3555 359 3598 ne
383 3527 616 3598 Aristotelis
639 3526 770 3614 quidem
792 3523 1032 3612 cauliculorum
1065 3526 1133 3616 πρὸς
1171 3524 1254 3591 Αλέ-

321 3653 446 3747 ξανδρον
468 3683 484 3722 a
507 3656 706 3723 Cicerone
729 3651 907 3740 neglectum
928 3653 1031 3721 fuisse.

317 3779 564 3796 m

364 3835 403 3908 (l)
427 3831 488 3890 ΡοΙ.
516 3831 575 3905 Vll,
603 3832 632 3890 5.
679 3831 718 3907 (ἓ)
742 3831 784 3890 lb.
812 3849 839 3890 c.
862 3831 893 3890 6.
922 3828 966 3889 Gi.
998 3831 1104 3889 c.'ll.
1142 3829 1197 3906 ’(5)
1220 3830 1255 3888 dc

320 3942 394 4019 Rep.
435 3942 471 4015 ll,
506 3942 536 4000 5.
566 3942 609 4000 Cl.
634 3962 661 4001 o.
689 3941 737 4000 18.
763 3941 832 4000 Vide
857 3942 941 4000 etiam
966 3941 1171 4002 Wiclrerum
1192 3957 1257 3999 van

320 4051 541 4129 Swindcrca,
565 4054 632 4114 diss.
660 4055 735 4112 laud.
764 4073 793 4130 p.
824 4052 891 4114 tut.
