2894 4896
769 390 884 491 120'

330 608 372 674 ita
408 605 565 672 Cicero
595 628 693 676 novae
723 607 791 692 ejus
826 605 1005 675 tractandae
1030 609 1159 677 rationis
1182 610 1285 704 apud

330 724 487 790 Romanos
508 738 618 790 auctor
640 721 721 806 suit3
749 723 907 791 Romanos
933 724 1041 809 enim,
1065 727 1123 816 qui
1142 726 1283 794 annali-

330 838 391 905 hus
409 836 645 907 conscribendis
669 853 771 906 totum
794 836 938 906 historiae
959 841 1282 910 munusahsolutum

330 975 395 1022 ene
426 954 667 1035 existimabant,
699 954 854 1040 exagitans
887 951 960 1041 (l),
992 956 1151 1041 Graecos,
1202 957 1279 1025 elo-

331 1068 493 1159 quentiam
513 1093 587 1135 cum
608 1067 735 1135 historia
759 1070 1012 1156 conjungentes,
1035 1073 1169 1139 maxime
1190 1074 1277 1138 imi·

331 1181 444 1250 tandos
469 1206 536 1249 esse
569 1197 694 1249 censet:
742 1182 851 1270 „Age
871 1207 965 1268 vero,
1003 1186 1112 1278 inquit
1132 1187 1277 1257 Anto-

330 1299 434 1364 nius
458 1290 545 1384 (2),‘
571 1295 670 1390 qualis
693 1299 839 1375 oratoris,
873 1315 906 1365 et
926 1303 1039 1391 quanti
1063 1302 1203 1370 hominis
1239 1306 1275 1371 in

329 1411 490 1497 dicendo,
526 1429 616 1503 putas
634 1436 722 1497 esse,
744 1412 905 1483 historiam
931 1417 1095 1486 scribere?
1152 1419 1212 1504 si,
1238 1438 1276 1487 ut

330 1537 445 1604 Graeci
465 1538 679 1627 scripserunt,
701 1536 840 1616 summi,
861 1534 968 1624 inquit
989 1533 1194 1604 Catulus:
1223 1538 1273 1620 si,

328 1665 367 1715 ut
400 1651 520 1726 nostri.
552 1647 633 1715 nihil
660 1672 741 1742 opus
773 1663 820 1715 est
846 1664 989 1717 oratore:
1014 1651 1086 1718 satis
1107 1666 1177 1736 est,
1200 1676 1270 1721 non

327 1787 392 1832 esse
410 1763 606 1833 mendacem.
625 1801 671 1813 —
690 1764 792 1833 Nemo
810 1763 896 1830 enim
928 1763 1036 1832 nudet
1069 1765 1271 1858 eloquentiae

327 1897 509 1952 nostrorum
538 1881 727 1965 hominum,
762 1880 823 1947 nisi
856 1898 894 1948 nt
924 1883 959 1948 in
994 1885 1092 1952 causis
1114 1900 1211 1975 atque
1232 1887 1267 1953 in

328 2001 400 2070 foro
433 1998 572 2069 eluceat:
603 1995 690 2092 apud
726 1998 863 2067 Graecos
896 2014 1001 2068 autem
1021 1999 1269 2093 eloquentissimi

326 2116 491 2201 homines,
510 2117 623 2184 remoti
643 2141 659 2181 a
683 2117 780 2184 causis
799 2115 998 2199 forensibus,
1022 2141 1126 2208 quum
1143 2116 1185 2184 ad
1205 2141 1265 2185 ce·

327 2250 407 2301 teras
441 2256 490 2299 res
519 2231 672 2315 illustres,
715 2248 783 2297 tum
812 2228 851 2296 ad
883 2229 1085 2300 scribendam
1105 2232 1264 2301 historiam

326 2351 461 2417 maxime
491 2372 523 2414 sc
555 2346 827 2440 applicaverunt.'’
884 2344 984 2436 Quod
1015 2373 1138 2440 quum,
1167 2348 1264 2416 allatis

325 2465 512 2557 principum
531 2464 727 2531 Graecorum
747 2460 970 2530 historicorum
980 2464 1154 2555 exemplis,
1177 2488 1261 2535 con-

327 2582 481 2651 lirtnasset
516 2578 746 2649 Antoniusz
796 2576 985 2661 „Videtisne
997 2582 1033 2665 ,”
1061 2581 1168 2672 inquit
1189 2580 1262 2671 (3),

327 2715 513 2790 „quantum
533 2719 649 2765 munus
676 2692 723 2763 sit'
737 2701 864 2764 oratoris
886 2695 1044 2767 historia?
1068 2698 1161 2767 Haud
1170 2701 1258 2787 scio,

327 2841 369 2883 an
400 2813 533 2883 flumine
564 2812 733 2897 orationis,
760 2828 792 2879 ct
814 2815 958 2881 varietate
979 2816 1175 2903 manimum3
1196 2838 1259 2885 ne·

327 2956 393 3026 que
421 2947 524 2999 tamen
552 2954 621 2997 eam
645 2931 771 3023 reperio
794 2953 927 3021 usquam
946 2932 1111 3023 separatim
1137 2934 1259 3000 instru-

327 3066 411 3121 ctam
428 3048 594 3116 rhetorum
606 3048 844 3140 praeceptis-
860 3044 947 3112 Nam
959 3048 1031 3135 quis
1044 3048 1161 3132 nescit,
1184 3051 1259 3138 pri·

327 3192 413 3234 mam
443 3189 508 3233 ease
539 3165 682 3230 historiae
713 3161 833 3246 legem,
875 3185 916 3228 ne
949 3161 1036 3252 quid.
1063 3164 1129 3231 falsi
1156 3165 1261 3235 dicere

326 3280 468 3349 audeat?
501 3276 617 3345 deinde
639 3275 783 3367 nequid
808 3278 873 3349 veri
895 3300 961 3344 non
985 3278 1122 3348 audeat?
1143 3306 1258 3374 nequa

324 3401 460 3493 suspicio
479 3399 592 3486 gratiae
604 3398 645 3464 sit
656 3396 895 3468 inscribendo?
918 3400 1257 3490 nequssimultatis''l
1303 3444 1306 3451 ι

372 3518 456 3583 Haec
477 3515 579 3604 prima
603 3513 747 3580 historiae
781 3511 852 3597 lex,
881 3537 995 3581 verum
1020 3541 1043 3582 o
1063 3517 1163 3604 salso
1199 3517 1254 3585 di·

314 3691 554 3711 W-

365 3805 406 3881 (l)
429 3803 464 3862 do
492 3801 572 3861 Orat.
604 3803 639 3878 ll,
670 3802 718 3881 ta,
742 3804 778 3863 de
802 3804 887 3883 Legg.
914 3806 937 3881 1,
971 3806 1002 3866 ἢ.
1048 3807 1087 3883 (2)
1109 3807 1144 3867 de
1172 3804 1252 3867 Orat.

323 3913 361 3987 ll,
392 3913 438 3980 ll,
464 3911 512 3972 ta.
558 3912 598 3991 (ὅ)
624 3912 694 3974 lbid.
722 3935 748 3974 c.
772 3916 821 3976 tt.
847 3914 900 3974 Cli.
928 3908 1059 3977 Orat'c.
1090 3918 1252 3997 20,Brut.

319 4044 346 4085 c.
378 4024 418 4085 ts
440 4022 467 4083 in
490 4020 512 4083 l.
