2894 4896
615 405 673 472 lll

175 598 252 665 haee
283 599 378 665 verba
422 593 769 683 Ar·istotelis.(l):
837 595 876 660 τὰ
917 592 951 660 δὲ
993 596 1121 686 ὀνόματα

175 724 306 810 σημαίνει
333 746 389 808 τι,
416 728 476 798 ῶςε
499 726 556 786 ὅσα
583 724 640 786 τῶν
666 719 814 808 ὀνομάτων
841 722 920 785 ποιεῖ
941 722 1011 807 ἡμῖν
1052 727 1119 810 μα’-

176 847 282 932 θησιν,
324 844 429 921 ἤδιςα.
472 847 502 909 αἱ
531 844 581 932 μὲν
608 835 656 908 οὖν
683 843 810 931 γλῶτται
838 846 988 931 ἀγνῶτες,
1016 848 1053 912 τοὶ
1079 844 1114 912 δὲ

176 971 263 1058 κύρια
294 967 397 1054 ἴσμεν
430 968 447 1037 ἡ
476 963 511 1031 δὲ
541 967 689 1056 μεταφορὰ
717 969 796 1032 ποιεῖ
810 956 896 1032 ’τοῦτο
922 965 1061 1057 pallere}
1077 1011 1120 1024 --

183 1095 242 1158 Δεῖ
264 1098 323 1182 ἄρα
348 1092 453 1157 τούτων
479 1092 651 1178 ςοχοὶζεὲναι
668 1095 770 1181 τριῶν,
796 1082 987 1182 μεταφοραῖς
1001 1094 1119 1160 ἀντιθέ-

178 1238 273 1303 σεως,
314 1216 462 1307 ἐνεργείας.
507 1221 563 1282 τῶν
605 1213 640 1280 δὲ
666 1221 833 1306 μεταφορῶν
860 1222 1002 1308 τεττάρων
1028 1219 1121 1287 οὐσῶν

179 1338 359 1430 εὐδοκιμοῦσι
386 1341 502 1429 patna
528 1343 559 1405 αἱ
587 1334 821 1430 κατ’ἀναλογίαν.
873 1341 1016 1429 Singulas
1046 1368 1119 1412 vero

181 1455 385 1524 translationis
419 1456 538 1547 speeies
575 1474 608 1521 et
630 1454 901 1546 quemadmodum
923 1458 1121 1546 potissimum

180 1574 320 1656 ualeant,
344 1598 419 1641 cum
444 1575 478 1639 iu
502 1575 611 1666 poesi,
637 1589 705 1638 tum
729 1574 763 1638 in
782 1571 996 1655 orationibus,
1031 1571 1119 1638 Ari-

181 1689 366 1770 stoteles,
391 1706 428 1754 ut
455 1689 523 1780 ipse
544 1686 681 1754 declarat
701 1683 773 1774 (2),
805 1687 840 1752 in
857 1686 992 1773 Poeticis
1011 1685 1119 1771 libris,

182 1803 278 1873 hodie
312 1798 504 1894 deperditis,
546 1803 706 1871 enucleate
737 1802 893 1894 exposuit.
955 1802 1120 1893 Quorsum

183 1937 215 1985 et
246 1944 279 1985 ea
312 1934 476 2011 spectant,
521 1941 602 2008 quae
634 1918 794 2003 Cicero
832 1918 866 1981 in
900 1920 1036 1983 Oratore
1071 1920 1120 2005 (3)

185 2031 336 2100 tradidita
370 2028 687 2115 „Aristoteles
704 2045 809 2094 autem
831 2028 1023 2096 translationi
1045 2031 1123 2100 haee

185 2151 252 2238 ipsa
277 2146 429 2232 (mutata,
452 2171 550 2236 quarn
572 2142 760 2237 hypallagen
790 2144 954 2228 rhetores,
975 2163 1121 2238 metony-
1154 2195 1156 2200 -

185 2265 278 2330 miam
310 2261 518 2331 Grammatici
552 2259 702 2348 vocant),
735 2261 919 2347 subjungit,
943 2277 975 2327 et
992 2263 1121 2329 abusio-

185 2404 280 2463 nem,
319 2405 415 2470 quam
454 2388 638 2475 κατάχρηοιν
672 2403 795 2455 vooant.
819 2425 864 2441 -
915 2392 985 2459 Jam
1018 2419 1121 2484 quum

185 2497 347 2564 fluxerunt
366 2498 472 2590 plures
495 2504 661 2570 continuae
681 2504 916 2590 translationes,
949 2507 1004 2577 alia
1025 2510 1121 2603 plane

186 2612 226 2678 lit
261 2616 368 2682 oratio.
432 2617 542 2708 ltaque
577 2644 676 2704 genus
707 2620 769 2689 hoo
804 2623 918 2690 Graeci
961 2624 1124 2717 appellant

187 2728 390 2825 ἆλληγορίαν,
417 2742 544 2805 nomine
569 2758 686 2825 reete,
706 2766 818 2828 genere
841 2742 949 2811 melius
970 2744 1040 2830 ille,
1065 2748 1124 2839 qui

188 2854 245 2915 ista
267 2853 371 2916 omnia
396 2852 608 2920 translationes
632 2859 755 2921 voeat.”

500 3025 553 3093 De
585 3025 818 3096 Colloeatione.

120 3214 125 3219 '
234 3204 434 3285 Crassus,
456 3200 539 3269 libro
562 3204 653 3270 tertio
675 3201 716 3270 de
737 3209 892 3290 Oratore„
905 3207 945 3275 de
959 3206 1130 3282 verborum

192 3308 428 3382 dontinuatione
466 3310 653 3406 disputans:
728 3322 878 3409 „Quum
908 3325 971 3392 sint
1005 3331 1129 3398 numeri

191 3430 319 3524 plures,
334 3433 531 3519 jambum'',
555 3433 663 3524 inquit
683 3433 755 3523 (4),
778 3488 801 3522 „
815 3453 846 3503 et
868 3440 1049 3510 trochaeum
1060 3444 1129 3513 fre'·

192 3554 423 3570 ἠ--ι-

234 3607 274 3682 (Ι)
296 3605 381 3665 eret.
417 3605 466 3680 ΙΙΙ,
505 3604 554 3665 lt).
596 3604 638 3684 (9)
661 3608 703 3667 ΙΙ).
729 3626 755 3668 e.
783 3610 814 3669 Ι.
845 3610 890 3672 Cf.
916 3612 998 3674 Poet.
1023 3634 1050 3675 o.
1074 3618 1128 3677 ΙΙ.

196 3714 234 3800 (ὅ)
261 3733 288 3773 ο.
315 3715 367 3775 27.
394 3715 448 3775 Cff.
472 3715 571 3774 Brut.
603 3736 629 3775 e.
663 3720 699 3777 ΙΙ
721 3719 749 3778 in
772 3720 795 3811 Ιτ
820 3734 849 3781 et
868 3721 1132 3787 tristtneuad

194 3819 294 3880 Alex.
333 3842 359 3882 ο.
399 3822 448 3882 tt.
493 3825 532 3901 (Ι)
564 3843 589 3883 ο.
631 3824 682 3884 ΙΙ.
723 3826 841 3888 Secutus
869 3846 930 3889 sum
969 3832 1050 3910 hujus
1077 3834 1142 3895 loci-

195 3933 416 3993 emendationem
451 3953 533 4012 quam
559 3935 705 4013 proposuit
725 3937 781 3998 Fr.
810 3939 992 4013 Ellendt,
1015 3943 1079 4006 Vol.
1106 3947 1131 4024 l,

196 4061 229 4121 p.
252 4041 312 4102 549
334 4055 362 4102 et
386 4042 449 4103 Vol.
471 4044 507 4119 ll,
535 4064 565 4123 p.
592 4044 663 4104 439.
